Year;Quarter;Month;Hour;Category;Sales;Cost
2007;Q4 2007;Dec 2007;21:00;budget;30.0;9.2
2006;Q1 2006;Jan 2006;07:00;budget;442.99;0.0
2007;Q3 2007;Jul 2007;18:00;pop/rock;735512.1400000631;393352.8299999988
2007;Q1 2007;Jan 2007;16:00;pop/rock;1246448.1499999969;745860.7999999915
2007;Q3 2007;Sep 2007;15:00;pop/rock;783174.1700000797;413055.6499999911
2007;Q1 2007;Jan 2007;18:00;pop/rock;825294.8300000773;489530.73000000214
2007;Q1 2007;Mar 2007;14:00;pop/rock;960020.3100000932;516916.4200000021
2007;Q2 2007;Jun 2007;15:00;pop/rock;1050916.950000104;567978.1699999983
2007;Q1 2007;Mar 2007;09:00;pop/rock;94306.81999999934;50465.239999999845
2007;Q1 2007;Mar 2007;18:00;pop/rock;658227.9800000512;354861.4400000056
2007;Q1 2007;Mar 2007;11:00;pop/rock;661452.440000051;354072.320000005
2007;Q1 2007;Jan 2007;12:00;pop/rock;1030056.750000106;596891.2199999989
2006;Q4 2006;Dec 2006;17:00;pop/rock;3511237.1199986846;1880389.3099999195
2006;Q4 2006;Dec 2006;18:00;pop/rock;2799987.709999102;1496649.629999989
2006;Q4 2006;Oct 2006;13:00;pop/rock;1222416.1800000013;673899.1999999804
2006;Q4 2006;Oct 2006;14:00;pop/rock;1232428.069999996;679295.7799999805
2006;Q4 2006;Oct 2006;16:00;pop/rock;1198867.7600000177;664029.6399999785
2006;Q4 2006;Oct 2006;17:00;pop/rock;1074872.5500000957;591153.2399999797
2006;Q4 2006;Nov 2006;19:00;pop/rock;777391.2700000678;422078.1500000087
2006;Q4 2006;Oct 2006;12:00;pop/rock;1032176.8100001065;567766.4299999846
2006;Q4 2006;Oct 2006;18:00;pop/rock;838185.0100000807;463812.290000012
2006;Q4 2006;Dec 2006;12:00;pop/rock;3916543.349998421;2027839.5999999004
2006;Q3 2006;Jul 2006;14:00;pop/rock;1810492.839999669;986442.9699999711
2006;Q4 2006;Dec 2006;10:00;pop/rock;1932389.5399996086;1028924.3299999789
2006;Q3 2006;Aug 2006;20:00;pop/rock;240084.22999999445;127578.77000000021
2006;Q3 2006;Aug 2006;14:00;pop/rock;1330740.6899999497;712350.5899999723
2006;Q3 2006;Aug 2006;19:00;pop/rock;747735.3200000657;405168.4400000057
2006;Q3 2006;Aug 2006;16:00;pop/rock;1240461.1899999974;652999.9199999763
2006;Q4 2006;Dec 2006;16:00;pop/rock;4091969.5299983346;2196032.049999931
2006;Q4 2006;Oct 2006;22:00;pop/rock;39681.640000000174;21569.459999999995
2006;Q4 2006;Dec 2006;15:00;pop/rock;4503870.119998964;2406334.2399999746
2006;Q4 2006;Oct 2006;15:00;pop/rock;1250023.4699999893;689489.499999981
2006;Q4 2006;Oct 2006;11:00;pop/rock;821497.3300000781;452969.33000001113
2006;Q4 2006;Oct 2006;09:00;pop/rock;110239.7399999987;59773.15999999981
2006;Q4 2006;Oct 2006;20:00;pop/rock;193919.51999999577;107025.5799999998
2006;Q3 2006;Jul 2006;12:00;pop/rock;1627278.959999778;884985.4399999579
2006;Q4 2006;Nov 2006;13:00;pop/rock;1491926.159999852;800341.4599999314
2006;Q3 2006;Aug 2006;12:00;pop/rock;1159577.9700000498;623063.3399999778
2006;Q3 2006;Aug 2006;18:00;pop/rock;915975.2700000891;491703.22999999736
2006;Q3 2006;Aug 2006;13:00;pop/rock;1368786.2399999273;732421.599999971
2006;Q4 2006;Nov 2006;20:00;pop/rock;227553.00999999495;123050.81000000086
2006;Q4 2006;Oct 2006;19:00;pop/rock;642665.1800000503;355514.9800000117
2006;Q4 2006;Nov 2006;15:00;pop/rock;1524723.7699998377;822319.1199999297
2006;Q4 2006;Nov 2006;23:00;pop/rock;4558.52;2377.4300000000003
2006;Q4 2006;Nov 2006;12:00;pop/rock;1367041.199999934;735320.0799999683
2006;Q4 2006;Nov 2006;16:00;pop/rock;1477370.5799998685;787102.9799999432
2006;Q4 2006;Dec 2006;14:00;pop/rock;4600392.68999915;2467505.170000016
2006;Q3 2006;Aug 2006;15:00;pop/rock;1372817.0399999202;712033.2299999688
2006;Q3 2006;Aug 2006;10:00;pop/rock;564662.7900000346;292908.6400000038
2006;Q4 2006;Oct 2006;10:00;pop/rock;463314.520000024;256365.4600000014
2006;Q4 2006;Nov 2006;17:00;pop/rock;1346417.4899999462;718747.7499999821
2006;Q4 2006;Nov 2006;14:00;pop/rock;1533413.9499998312;824540.5699999244
2006;Q3 2006;Jul 2006;20:00;pop/rock;315083.1700000011;165899.35000000134
2006;Q3 2006;Aug 2006;17:00;pop/rock;1096268.370000086;589502.3799999886
2006;Q3 2006;Aug 2006;11:00;pop/rock;903792.0300000887;484104.65999999805
2006;Q4 2006;Nov 2006;09:00;pop/rock;130625.66999999806;69460.31999999969
2006;Q3 2006;Jul 2006;13:00;pop/rock;1838174.0499996545;988185.3699999641
2006;Q4 2006;Dec 2006;11:00;pop/rock;3052865.0699989493;1625573.3799999927
2006;Q4 2006;Nov 2006;11:00;pop/rock;1110259.9800000803;591856.3699999868
2006;Q4 2006;Nov 2006;10:00;pop/rock;668219.1400000533;340939.4400000003
2006;Q4 2006;Nov 2006;21:00;pop/rock;59048.2000000003;30719.96000000003
2006;Q3 2006;Aug 2006;21:00;pop/rock;104170.72999999899;53406.8899999999
2006;Q3 2006;Jul 2006;18:00;pop/rock;1014384.2400001046;550862.929999986
2006;Q3 2006;Aug 2006;08:00;pop/rock;6354.809999999996;3431.4100000000008
2006;Q3 2006;Jul 2006;15:00;pop/rock;1712164.1199997275;936073.5499999648
2006;Q2 2006;Jun 2006;19:00;pop/rock;583147.08000004;327228.6599999957
2006;Q2 2006;Jun 2006;11:00;pop/rock;694992.820000057;383797.57999999775
2006;Q2 2006;Jun 2006;14:00;pop/rock;999384.8900001027;554927.9799999865
2006;Q2 2006;Jun 2006;13:00;pop/rock;967753.8000000976;536267.659999992
2006;Q3 2006;Jul 2006;09:00;pop/rock;180134.52999999624;98622.75000000028
2006;Q3 2006;Sep 2006;14:00;pop/rock;200631.79999999556;106490.44000000024
2006;Q3 2006;Sep 2006;13:00;pop/rock;192392.12999999576;103742.23999999995
2006;Q3 2006;Sep 2006;12:00;pop/rock;168646.20999999676;91622.07999999967
2006;Q3 2006;Sep 2006;11:00;pop/rock;132796.929999998;74204.22999999992
2006;Q4 2006;Nov 2006;18:00;pop/rock;1046815.7600001061;571379.1999999918
2006;Q3 2006;Sep 2006;19:00;pop/rock;97456.84999999928;54631.5899999997
2006;Q3 2006;Sep 2006;17:00;pop/rock;153716.21999999727;84448.79999999973
2006;Q4 2006;Dec 2006;13:00;pop/rock;4181637.3599982937;2230822.2499999707
2006;Q2 2006;Jun 2006;15:00;pop/rock;969043.1300000984;538646.7699999921
2006;Q3 2006;Aug 2006;09:00;pop/rock;127223.66999999815;67889.48999999999
2007;Q1 2007;Jan 2007;14:00;pop/rock;1288774.979999973;763682.210000002
2007;Q1 2007;Jan 2007;17:00;pop/rock;1071496.1200000977;646461.47999999
2007;Q1 2007;Jan 2007;13:00;pop/rock;1216150.4200000172;712690.3599999892
2007;Q1 2007;Jan 2007;11:00;pop/rock;757789.6000000673;440655.4800000028
2007;Q1 2007;Jan 2007;10:00;pop/rock;423234.3900000162;244498.10000000166
2006;Q2 2006;Jun 2006;17:00;pop/rock;801968.2800000723;446104.7099999978
2006;Q2 2006;Jun 2006;16:00;pop/rock;940163.6100000945;521089.8599999927
2006;Q4 2006;Dec 2006;19:00;pop/rock;2117057.319999497;1135862.3999999263
2006;Q2 2006;Jun 2006;21:00;pop/rock;97870.53999999902;57849.549999999836
2006;Q2 2006;Jun 2006;10:00;pop/rock;452781.97000001994;250426.08000000357
2006;Q2 2006;Jun 2006;12:00;pop/rock;869149.5400000821;480318.3999999935
2006;Q3 2006;Sep 2006;10:00;pop/rock;75666.34000000004;41062.43999999982
2006;Q3 2006;Sep 2006;21:00;pop/rock;12154.899999999987;6542.88
2006;Q3 2006;Sep 2006;18:00;pop/rock;113052.60999999872;62638.439999999726
2006;Q3 2006;Sep 2006;16:00;pop/rock;185382.61999999598;100661.45000000011
2006;Q4 2006;Dec 2006;22:00;pop/rock;127772.3999999982;66793.95000000003
2006;Q3 2006;Jul 2006;17:00;pop/rock;1310880.8599999594;708050.9699999669
2006;Q4 2006;Oct 2006;21:00;pop/rock;50936.51000000025;27438.74
2007;Q1 2007;Mar 2007;13:00;pop/rock;938250.93000009;502097.5100000043
2007;Q1 2007;Feb 2007;15:00;pop/rock;1073550.5000000964;591090.089999991
2007;Q3 2007;Sep 2007;16:00;pop/rock;715842.7000000664;378912.87999999145
2007;Q4 2007;Oct 2007;14:00;pop/rock;1166802.500000049;624607.9299999769
2007;Q2 2007;Apr 2007;10:00;pop/rock;295708.46999999817;159321.78000000003
2007;Q2 2007;Apr 2007;11:00;pop/rock;452418.4800000221;243663.09000000264
2008;Q1 2008;Feb 2008;14:00;pop/rock;870564.5300000818;463333.45000000077
2007;Q2 2007;Apr 2007;12:00;pop/rock;604070.4900000434;325665.2900000026
2007;Q1 2007;Feb 2007;13:00;pop/rock;1004420.5700001012;552925.9999999882
2007;Q2 2007;May 2007;12:00;pop/rock;610143.230000045;338662.01000000583
2007;Q1 2007;Feb 2007;14:00;pop/rock;1074647.1600000963;598702.0799999922
2007;Q1 2007;Feb 2007;10:00;pop/rock;368675.3400000083;205242.71000000046
2007;Q1 2007;Feb 2007;12:00;pop/rock;844541.2900000782;462636.65999999567
2007;Q1 2007;Mar 2007;12:00;pop/rock;820437.3100000757;441120.4200000064
2007;Q1 2007;Mar 2007;17:00;pop/rock;845974.680000078;460053.46000000584
2007;Q2 2007;Apr 2007;14:00;pop/rock;668973.0000000531;364554.49000000145
2007;Q2 2007;Apr 2007;19:00;pop/rock;320766.3500000021;175530.29000000103
2007;Q3 2007;Aug 2007;13:00;pop/rock;841470.0900000895;440166.8100000031
2008;Q1 2008;Jan 2008;17:00;budget;214.8;99.97000000000001
2007;Q1 2007;Jan 2007;12:00;budget;60.0;15.15
2006;Q4 2006;Oct 2006;18:00;budget;114.9;61.31999999999999
2006;Q4 2006;Dec 2006;13:00;budget;15.0;4.6
2007;Q2 2007;Jun 2007;15:00;budget;75.0;4.6
2006;Q3 2006;Jul 2006;14:00;budget;329.8;153.45
2006;Q4 2006;Dec 2006;21:00;budget;50.0;4.609999999999999
2008;Q1 2008;Feb 2008;16:00;pop/rock;813127.6900000732;432593.5400000011
2006;Q3 2006;Jul 2006;13:00;budget;294.9;61.3
2007;Q4 2007;Dec 2007;14:00;pop/rock;3751052.949998561;1963278.0299999157
2007;Q3 2007;Sep 2007;18:00;budget;35.0;83.61
2007;Q3 2007;Sep 2007;14:00;budget;50.0;8.83
2006;Q3 2006;Jul 2006;18:00;dvd/video;1091897.2100000358;519690.68000000005
2007;Q1 2007;Feb 2007;19:00;budget;199.9;118.94
2007;Q4 2007;Oct 2007;14:00;budget;75.0;26.759999999999998
2008;Q1 2008;Jan 2008;13:00;budget;134.9;24.6
2008;Q1 2008;Feb 2008;15:00;budget;279.8;60.73
2006;Q4 2006;Nov 2006;16:00;budget;149.9;94.47
2006;Q4 2006;Dec 2006;15:00;budget;219.8;49.75
2006;Q4 2006;Oct 2006;15:00;budget;149.9;18.2
2006;Q4 2006;Nov 2006;14:00;budget;29.9;4.6
2006;Q4 2006;Dec 2006;17:00;budget;199.8;97.25
2007;Q1 2007;Jan 2007;09:00;budget;99.9;4.6
2006;Q4 2006;Nov 2006;17:00;budget;149.9;90.92999999999999
2008;Q1 2008;Mar 2008;15:00;budget;29.9;4.6
2007;Q3 2007;Sep 2007;19:00;budget;29.9;4.6
2008;Q1 2008;Jan 2008;12:00;pop/rock;855487.0400000771;440653.4100000147
2007;Q3 2007;Jul 2007;15:00;pop/rock;1296760.3999999736;697952.3399999825
2007;Q1 2007;Feb 2007;16:00;pop/rock;1023949.3200001025;567823.9299999874
2007;Q2 2007;Apr 2007;17:00;pop/rock;506912.78000002925;276593.4500000031
2007;Q1 2007;Feb 2007;20:00;pop/rock;157270.62999999707;87765.2500000001
2007;Q1 2007;Feb 2007;09:00;pop/rock;85808.38999999971;47092.84999999994
2007;Q2 2007;Apr 2007;13:00;pop/rock;644586.0100000495;349826.610000002
2007;Q3 2007;Jul 2007;17:00;pop/rock;938055.5600000945;503193.569999994
2006;Q4 2006;Dec 2006;20:00;pop/rock;1187156.4700000319;635965.0099999917
2006;Q3 2006;Jul 2006;19:00;pop/rock;808550.0500000762;422619.41999999515
2006;Q3 2006;Jul 2006;16:00;pop/rock;1508890.689999847;825399.1699999558
2006;Q3 2006;Jul 2006;10:00;pop/rock;719069.2300000606;394452.65999999817
2006;Q3 2006;Jul 2006;11:00;pop/rock;1239314.5799999994;672932.5999999766
2006;Q3 2006;Aug 2006;02:00;pop/rock;4107.4000000000015;1403.5199999999998
2006;Q3 2006;Aug 2006;23:00;pop/rock;18724.969999999998;7909.240000000001
2006;Q2 2006;Jun 2006;09:00;pop/rock;114523.49999999865;62737.37000000005
2006;Q3 2006;Sep 2006;09:00;pop/rock;17938.04999999999;9567.160000000002
2006;Q3 2006;Jul 2006;22:00;pop/rock;78419.63999999991;43075.479999999916
2006;Q3 2006;Jul 2006;21:00;pop/rock;113828.06999999857;61807.479999999865
2006;Q2 2006;Jun 2006;18:00;pop/rock;720430.2600000612;403529.30000000173
2006;Q2 2006;Jun 2006;20:00;pop/rock;196242.46999999555;109872.12000000088
2006;Q3 2006;Aug 2006;22:00;pop/rock;61556.07000000034;29384.58
2006;Q3 2006;Sep 2006;20:00;pop/rock;27522.660000000076;15491.639999999989
2006;Q3 2006;Sep 2006;15:00;pop/rock;192631.48999999583;103812.47999999979
2007;Q1 2007;Feb 2007;19:00;pop/rock;498177.2100000273;277066.51000000065
2007;Q2 2007;Apr 2007;18:00;pop/rock;402111.93000001396;220300.67000000246
2007;Q4 2007;Dec 2007;17:00;pop/rock;2802123.829999112;1466641.6299999505
2007;Q3 2007;Aug 2007;17:00;pop/rock;658621.3500000567;345946.00000000437
2008;Q1 2008;Jan 2008;14:00;pop/rock;1006489.9500000996;516441.94000001706
2007;Q1 2007;Mar 2007;15:00;pop/rock;998680.1000000989;539760.7100000033
2007;Q4 2007;Oct 2007;10:00;pop/rock;480414.9800000229;257285.42000000726
2007;Q4 2007;Nov 2007;19:00;pop/rock;630355.5100000442;329464.1900000095
2007;Q3 2007;Aug 2007;16:00;pop/rock;773864.1400000786;410254.98000000254
2007;Q2 2007;May 2007;14:00;pop/rock;728360.3000000617;405593.03000000695
2007;Q2 2007;Apr 2007;20:00;pop/rock;110361.49999999869;59526.64999999975
2007;Q3 2007;Sep 2007;12:00;pop/rock;665962.6800000548;349271.6799999936
2007;Q4 2007;Dec 2007;17:00;international;11910.439999999986;5821.059999999997
2007;Q2 2007;Jun 2007;12:00;international;3807.5000000000014;2002.6600000000008
2008;Q1 2008;Jan 2008;16:00;skandinavisk;151528.25999999748;79939.96999999897
2008;Q1 2008;Jan 2008;12:00;skandinavisk;185197.6499999963;96498.71999999891
2007;Q4 2007;Dec 2007;12:00;skandinavisk;727992.3600000594;386006.12000000593
2007;Q4 2007;Dec 2007;11:00;skandinavisk;606805.4300000422;322544.2200000048
2008;Q1 2008;Mar 2008;12:00;skandinavisk;143505.61999999767;78432.94000000019
2007;Q4 2007;Dec 2007;16:00;skandinavisk;691142.6900000544;368970.7800000031
2008;Q1 2008;Mar 2008;16:00;skandinavisk;114461.83999999873;62350.39000000008
2008;Q1 2008;Jan 2008;18:00;skandinavisk;103032.2399999991;54174.579999999434
2008;Q1 2008;Jan 2008;11:00;skandinavisk;153474.43999999735;81126.19999999886
2008;Q1 2008;Jan 2008;17:00;skandinavisk;137233.19999999795;72475.82999999914
2008;Q1 2008;Jan 2008;19:00;skandinavisk;75426.30000000005;39361.8599999999
2008;Q1 2008;Jan 2008;13:00;skandinavisk;193033.40999999602;101391.33999999892
2008;Q1 2008;Jan 2008;10:00;skandinavisk;88610.51999999961;46297.90999999967
2007;Q4 2007;Dec 2007;17:00;skandinavisk;581440.9300000387;310141.83000000357
2008;Q1 2008;Mar 2008;15:00;skandinavisk;134128.609999998;72927.47000000006
2007;Q4 2007;Dec 2007;19:00;skandinavisk;335137.51000000397;178567.50000000422
2008;Q1 2008;Jan 2008;15:00;skandinavisk;172647.85999999673;91300.28999999903
2008;Q1 2008;Mar 2008;13:00;skandinavisk;161224.179999997;87801.89000000017
2008;Q1 2008;Feb 2008;12:00;skandinavisk;135256.39999999796;72058.35999999939
2007;Q4 2007;Dec 2007;15:00;skandinavisk;760908.8200000644;406266.36000000447
2007;Q4 2007;Dec 2007;14:00;skandinavisk;819765.1900000746;436180.0000000036
2008;Q1 2008;Feb 2008;15:00;skandinavisk;141766.27999999767;75756.79999999958
2008;Q1 2008;Mar 2008;14:00;skandinavisk;141544.17999999775;77418.00000000009
2008;Q1 2008;Feb 2008;19:00;skandinavisk;58862.66000000036;31869.80000000015
2008;Q1 2008;Feb 2008;14:00;skandinavisk;143107.03999999765;76542.4199999994
2008;Q1 2008;Feb 2008;11:00;skandinavisk;106852.7599999989;56398.299999999486
2008;Q1 2008;Feb 2008;18:00;skandinavisk;77440.94;42114.51999999989
2008;Q1 2008;Jan 2008;14:00;skandinavisk;179275.71999999648;94457.149999999
2008;Q1 2008;Feb 2008;17:00;skandinavisk;111092.42999999879;59776.16999999924
2008;Q1 2008;Mar 2008;10:00;skandinavisk;82714.56999999983;44454.789999999964
2008;Q1 2008;Jan 2008;09:00;skandinavisk;15309.199999999977;7925.7099999999955
2008;Q1 2008;Feb 2008;09:00;skandinavisk;13960.39999999998;7273.15
2008;Q1 2008;Feb 2008;13:00;skandinavisk;148719.21999999747;79026.4999999999
2008;Q1 2008;Feb 2008;10:00;skandinavisk;70509.01000000024;37119.54000000013
2008;Q1 2008;Mar 2008;17:00;skandinavisk;98788.07999999926;54283.72000000002
2008;Q1 2008;Mar 2008;19:00;skandinavisk;50584.6600000003;27595.209999999908
2008;Q1 2008;Feb 2008;20:00;skandinavisk;14877.219999999976;8159.190000000003
2006;Q2 2006;Jun 2006;14:00;skandinavisk;29949.710000000097;15865.240000000025
2006;Q2 2006;Jun 2006;18:00;skandinavisk;20696.01000000001;11160.490000000007
2006;Q2 2006;Jun 2006;16:00;skandinavisk;26531.820000000065;14154.79000000002
2006;Q2 2006;Jun 2006;10:00;skandinavisk;18637.799999999992;9909.000000000005
2006;Q2 2006;Jun 2006;13:00;skandinavisk;33088.08000000012;17342.710000000025
2007;Q2 2007;May 2007;19:00;skandinavisk;27959.200000000077;17685.630000000016
2008;Q1 2008;Jan 2008;20:00;skandinavisk;20855.400000000012;11265.040000000019
2008;Q1 2008;Feb 2008;16:00;skandinavisk;125558.06999999825;66862.48999999913
2007;Q4 2007;Dec 2007;10:00;skandinavisk;421152.78000001644;223150.37000000174
2007;Q4 2007;Dec 2007;18:00;skandinavisk;444008.28000001964;237302.92000000362
2007;Q4 2007;Dec 2007;13:00;skandinavisk;739386.0600000616;394174.92000000394
2007;Q1 2007;Mar 2007;15:00;skandinavisk;113618.17999999867;59094.25
2008;Q1 2008;Mar 2008;18:00;skandinavisk;67707.74000000035;36916.699999999924
2008;Q1 2008;Mar 2008;11:00;skandinavisk;128505.34999999825;69621.95000000026
2007;Q2 2007;Apr 2007;12:00;skandinavisk;64566.2600000004;35531.29999999992
2007;Q2 2007;Apr 2007;09:00;dvd/video;72447.36000000004;34073.32000000002
2007;Q2 2007;May 2007;18:00;dvd/video;764271.4300000302;367251.4199999954
2006;Q3 2006;Sep 2006;20:00;singles;229.7299999999999;259.82
2007;Q3 2007;Jul 2007;18:00;dvd/video;1256725.5399999463;577802.3400000001
2008;Q2 2008;Apr 2008;18:00;dvd/video;168776.18999999823;81525.63000000009
2007;Q2 2007;May 2007;16:00;dvd/video;1047991.8800000461;509827.56999999034
2007;Q2 2007;May 2007;11:00;dvd/video;546896.7000000183;266163.25999999733
2007;Q1 2007;Feb 2007;18:00;dvd/video;1116635.540000023;534104.2100000001
2007;Q1 2007;Mar 2007;16:00;dvd/video;1595773.079999822;775226.5599999881
2008;Q1 2008;Feb 2008;15:00;dvd/video;1785405.0399997402;864021.9800000037
2007;Q4 2007;Nov 2007;12:00;dvd/video;1602789.4199998458;779863.3200000074
2006;Q3 2006;Jul 2006;17:00;dvd/video;1352791.5799999142;642000.1499999908
2006;Q3 2006;Aug 2006;20:00;dvd/video;318714.19000000326;143894.02000000008
2006;Q3 2006;Jul 2006;15:00;dvd/video;1607470.1999998202;763667.0999999878
2006;Q3 2006;Aug 2006;18:00;dvd/video;1000758.0600000428;460760.18999999994
2006;Q3 2006;Aug 2006;17:00;dvd/video;1209080.1999999876;560511.1299999908
2006;Q3 2006;Jul 2006;13:00;dvd/video;1525635.6899998419;720506.8699999904
2006;Q3 2006;Jul 2006;14:00;dvd/video;1605182.3799998201;764087.8899999877
2006;Q4 2006;Nov 2006;12:00;dvd/video;1621764.9899997916;785969.3000000167
2006;Q3 2006;Jul 2006;16:00;dvd/video;1496011.7499998563;711958.6199999955
2006;Q3 2006;Jul 2006;21:00;dvd/video;161311.55999999878;74961.43999999999
2006;Q3 2006;Aug 2006;16:00;dvd/video;1314326.199999935;610521.3199999913
2006;Q3 2006;Aug 2006;15:00;dvd/video;1343644.4599999224;620310.4699999932
2006;Q3 2006;Aug 2006;13:00;dvd/video;1177511.7400000016;543731.9699999922
2006;Q4 2006;Dec 2006;16:00;dvd/video;6483106.670002932;3086544.5100003122
2006;Q3 2006;Aug 2006;14:00;dvd/video;1323390.18999993;609328.9199999897
2006;Q4 2006;Oct 2006;19:00;dvd/video;859635.380000038;427053.7000000043
2006;Q3 2006;Jul 2006;19:00;dvd/video;903497.4700000368;426966.50000000605
2006;Q3 2006;Jul 2006;20:00;dvd/video;403861.2400000121;193254.96999999965
2006;Q3 2006;Aug 2006;19:00;dvd/video;874600.4300000354;398547.16000000294
2006;Q4 2006;Oct 2006;11:00;dvd/video;804102.8700000353;399339.78000000375
2006;Q4 2006;Oct 2006;10:00;dvd/video;393911.0300000105;195407.5600000004
2006;Q3 2006;Jul 2006;12:00;dvd/video;1240477.8099999696;590729.7900000019
2006;Q4 2006;Oct 2006;16:00;dvd/video;1613443.6199998332;799482.6799999792
2006;Q3 2006;Jul 2006;22:00;dvd/video;101771.65999999935;48230.33999999989
2006;Q3 2006;Aug 2006;11:00;dvd/video;680272.2600000289;315263.860000001
2006;Q4 2006;Oct 2006;20:00;dvd/video;295528.12000000116;146725.06000000003
2006;Q4 2006;Oct 2006;14:00;dvd/video;1543661.5699998485;766804.729999983
2006;Q3 2006;Jul 2006;11:00;dvd/video;820485.2000000383;393103.9300000051
2006;Q3 2006;Aug 2006;12:00;dvd/video;963536.3200000421;448700.84000000026
2006;Q3 2006;Aug 2006;22:00;dvd/video;69381.1200000001;29373.880000000026
2006;Q2 2006;Jun 2006;17:00;dvd/video;649598.1300000247;320016.55999999726
2006;Q2 2006;Jun 2006;13:00;dvd/video;624417.4500000234;306936.61999999743
2006;Q4 2006;Nov 2006;15:00;dvd/video;2080389.81999965;1006440.8900000093
2006;Q2 2006;Jun 2006;16:00;dvd/video;705779.3200000267;350751.31999999605
2006;Q2 2006;Jun 2006;15:00;dvd/video;706532.290000027;347059.409999996
2006;Q2 2006;Jun 2006;12:00;dvd/video;525730.480000019;259842.64999999877
2006;Q2 2006;Jun 2006;14:00;dvd/video;713208.6200000278;349921.989999995
2006;Q3 2006;Sep 2006;17:00;dvd/video;192288.2799999984;90385.4799999996
2006;Q3 2006;Sep 2006;14:00;dvd/video;208020.4199999981;97008.81999999937
2006;Q3 2006;Sep 2006;15:00;dvd/video;211143.3399999979;99203.18999999932
2006;Q3 2006;Sep 2006;13:00;dvd/video;182670.1599999985;84614.22999999969
2006;Q3 2006;Sep 2006;20:00;dvd/video;46907.62000000011;22334.430000000004
2006;Q4 2006;Dec 2006;14:00;dvd/video;6834732.730003546;3254960.730000352
2006;Q2 2006;Jun 2006;19:00;dvd/video;497414.080000015;245229.32999999975
2006;Q2 2006;Jun 2006;21:00;dvd/video;86089.49999999968;41827.14
2006;Q2 2006;Jun 2006;18:00;dvd/video;574429.8100000205;286741.4599999993
2006;Q3 2006;Aug 2006;10:00;dvd/video;342830.14000000554;157353.02999999988
2006;Q4 2006;Dec 2006;15:00;dvd/video;6969684.440003751;3312956.8800002947
2006;Q4 2006;Dec 2006;11:00;dvd/video;4020150.359999041;1927371.4099997815
2006;Q2 2006;Jun 2006;23:00;dvd/video;15181.489999999993;9065.089999999998
2006;Q2 2006;Jun 2006;20:00;dvd/video;197072.65999999826;95959.58000000009
2006;Q2 2006;Jun 2006;10:00;dvd/video;211386.09999999753;104850.61000000007
2006;Q2 2006;Jun 2006;11:00;dvd/video;405401.5900000106;196985.61999999898
2006;Q2 2006;Jun 2006;22:00;dvd/video;52689.0300000001;26730.010000000017
2006;Q4 2006;Oct 2006;18:00;dvd/video;1114657.7900000259;553397.7200000025
2007;Q1 2007;Jan 2007;16:00;dvd/video;2225868.389999709;1042869.3099999928
2006;Q4 2006;Nov 2006;20:00;dvd/video;381644.5700000098;184168.65999999995
2006;Q3 2006;Sep 2006;19:00;dvd/video;114114.33999999905;54805.48999999984
2006;Q3 2006;Sep 2006;16:00;dvd/video;200663.159999998;94439.51999999964
2007;Q1 2007;Feb 2007;13:00;dvd/video;1382204.8899999089;657690.5799999948
2007;Q3 2007;Jul 2007;19:00;dvd/video;1025118.4700000423;469894.750000002
2007;Q2 2007;Apr 2007;12:00;dvd/video;907256.1000000449;446744.34999999584
2007;Q2 2007;Apr 2007;18:00;dvd/video;757459.0300000345;374358.7599999955
2007;Q2 2007;Jun 2007;15:00;dvd/video;1235298.849999971;587387.910000002
2007;Q3 2007;Jul 2007;16:00;dvd/video;1815131.9799998112;830596.74
2007;Q3 2007;Jul 2007;17:00;dvd/video;1592459.6299998485;736107.920000001
2007;Q3 2007;Jul 2007;11:00;dvd/video;828810.460000032;378674.51000000164
2007;Q2 2007;May 2007;14:00;dvd/video;994502.9200000423;483090.17999999085
2007;Q1 2007;Mar 2007;17:00;dvd/video;1442984.889999879;697646.9699999917
2007;Q1 2007;Mar 2007;15:00;dvd/video;1553392.6299998332;747788.9399999918
2007;Q1 2007;Mar 2007;12:00;dvd/video;1183373.1699999918;565647.4599999981
2007;Q2 2007;Apr 2007;15:00;dvd/video;1111213.700000024;545619.7899999964
2007;Q2 2007;Apr 2007;19:00;dvd/video;649009.0700000275;321894.38999999803
2007;Q3 2007;Jul 2007;12:00;dvd/video;1302903.4599999292;592888.2699999992
2007;Q2 2007;Apr 2007;13:00;dvd/video;1071036.0600000452;523791.25999999244
2007;Q1 2007;Mar 2007;10:00;dvd/video;489409.4900000181;237602.99000000051
2007;Q1 2007;Mar 2007;18:00;dvd/video;1148617.1300000139;554793.6399999954
2007;Q1 2007;Mar 2007;14:00;dvd/video;1440542.7599998808;695471.6599999934
2007;Q1 2007;Mar 2007;19:00;dvd/video;886465.3800000392;425764.3199999986
2007;Q1 2007;Mar 2007;13:00;dvd/video;1373879.4099999052;658599.7199999948
2007;Q2 2007;May 2007;19:00;dvd/video;681814.3600000261;331569.87999999535
2008;Q1 2008;Feb 2008;12:00;dvd/video;1172602.370000012;566153.160000005
2007;Q2 2007;May 2007;17:00;dvd/video;945177.2700000416;458399.20999999245
2007;Q2 2007;Jun 2007;16:00;dvd/video;1201709.5599999784;572231.2500000016
2007;Q3 2007;Sep 2007;15:00;dvd/video;1590365.8399998194;748168.8300000133
2007;Q2 2007;Jun 2007;11:00;dvd/video;646668.9600000202;300038.2999999995
2007;Q2 2007;Jun 2007;17:00;dvd/video;1136439.8500000052;542171.4000000029
2007;Q2 2007;Jun 2007;14:00;dvd/video;1151244.4099999988;547415.2999999995
2007;Q2 2007;Apr 2007;14:00;dvd/video;1133063.6900000118;555303.6099999985
2007;Q1 2007;Mar 2007;11:00;dvd/video;806866.2100000374;391479.51999999763
2007;Q2 2007;Apr 2007;17:00;dvd/video;954395.5000000458;467300.1299999959
2007;Q2 2007;Apr 2007;11:00;dvd/video;675572.8100000297;331503.9799999977
2007;Q3 2007;Aug 2007;18:00;dvd/video;1276721.7999999442;593338.0299999969
2007;Q2 2007;Jun 2007;19:00;dvd/video;770483.9000000282;366057.19000000163
2007;Q2 2007;Apr 2007;16:00;dvd/video;1036385.9100000522;513011.57999999385
2007;Q2 2007;Apr 2007;20:00;dvd/video;259375.16999999707;128108.3499999999
2007;Q2 2007;May 2007;20:00;dvd/video;257268.6799999975;126785.70000000011
2007;Q2 2007;Apr 2007;21:00;dvd/video;76208.34999999985;38786.51000000003
2007;Q4 2007;Oct 2007;18:00;dvd/video;1199956.8799999992;566851.4200000056
2007;Q2 2007;May 2007;12:00;dvd/video;732854.4700000309;353103.71999999456
2007;Q2 2007;May 2007;13:00;dvd/video;892308.910000038;432777.4699999937
2007;Q2 2007;Apr 2007;10:00;dvd/video;373523.41000000865;181459.78999999995
2007;Q2 2007;Jun 2007;21:00;dvd/video;136378.55999999912;67100.35000000012
2007;Q1 2007;Mar 2007;20:00;dvd/video;328188.19000000384;160888.77000000034
2008;Q1 2008;Mar 2008;14:00;dvd/video;1486549.0399998957;713227.0499999998
2007;Q3 2007;Jul 2007;13:00;dvd/video;1653272.0599998422;755499.440000003
2007;Q3 2007;Jul 2007;15:00;dvd/video;1944390.6699997839;895407.2600000042
2007;Q2 2007;Jun 2007;12:00;dvd/video;907503.1400000344;417676.4899999984
2007;Q2 2007;Jun 2007;18:00;dvd/video;955538.9000000361;458513.269999999
2007;Q2 2007;May 2007;15:00;dvd/video;1053974.1400000458;517549.22999999044
2007;Q3 2007;Aug 2007;16:00;dvd/video;1778324.3399997738;822069.7899999864
2008;Q1 2008;Jan 2008;17:00;pop/rock;823570.7200000726;422347.21000001486
2007;Q4 2007;Oct 2007;09:00;pop/rock;98099.01999999933;52348.70999999974
2007;Q4 2007;Oct 2007;12:00;pop/rock;984085.2000001001;521534.64999999286
2007;Q4 2007;Oct 2007;17:00;pop/rock;941672.7000000936;503670.36999999324
2007;Q4 2007;Oct 2007;11:00;pop/rock;793529.0800000693;425709.21000000794
2007;Q4 2007;Oct 2007;13:00;pop/rock;1107334.0900000797;593860.9799999781
2007;Q3 2007;Sep 2007;13:00;pop/rock;736207.43000007;387197.3999999921
2007;Q4 2007;Oct 2007;21:00;pop/rock;38539.37000000019;20876.760000000002
2007;Q3 2007;Sep 2007;14:00;pop/rock;795256.3200000824;418962.1999999932
2007;Q3 2007;Sep 2007;09:00;pop/rock;71213.52000000028;37225.88999999989
2007;Q4 2007;Oct 2007;19:00;pop/rock;557307.9200000338;298265.2300000028
2007;Q3 2007;Sep 2007;17:00;pop/rock;651228.0700000518;342541.7799999981
2007;Q3 2007;Jul 2007;19:00;pop/rock;607238.9300000413;324714.4100000007
2007;Q3 2007;Sep 2007;19:00;pop/rock;383297.4000000087;200676.47000000338
2007;Q4 2007;Oct 2007;18:00;pop/rock;747571.7000000613;398304.3300000072
2007;Q4 2007;Oct 2007;15:00;pop/rock;1123609.770000072;600661.7299999808
2007;Q4 2007;Nov 2007;13:00;pop/rock;1211124.650000012;636261.2399999673
2007;Q4 2007;Nov 2007;12:00;pop/rock;1094695.1200000788;576926.6499999784
2007;Q4 2007;Nov 2007;16:00;pop/rock;1166807.3100000378;613765.1799999705
2007;Q4 2007;Nov 2007;14:00;pop/rock;1261201.639999981;663501.5999999704
2007;Q4 2007;Nov 2007;17:00;pop/rock;1023797.1200001034;538668.4599999877
2008;Q1 2008;Jan 2008;19:00;pop/rock;490996.4900000244;253643.95000001017
2008;Q1 2008;Jan 2008;18:00;pop/rock;656614.4800000489;336873.3200000118
2007;Q4 2007;Dec 2007;16:00;pop/rock;3236987.009998853;1696171.7399999017
2007;Q4 2007;Dec 2007;13:00;pop/rock;3489796.2799987956;1743535.9399998882
2007;Q4 2007;Dec 2007;12:00;pop/rock;3147866.8599989084;1645777.2999999244
2008;Q1 2008;Feb 2008;15:00;pop/rock;874833.9600000824;464551.4499999991
2008;Q1 2008;Jan 2008;16:00;pop/rock;973881.700000095;501708.1000000172
2008;Q2 2008;Apr 2008;20:00;pop/rock;14138.669999999978;7796.660000000006
2008;Q1 2008;Jan 2008;11:00;pop/rock;647740.2300000483;335131.0600000115
2008;Q2 2008;Apr 2008;15:00;pop/rock;96667.76999999932;51031.820000000094
2008;Q1 2008;Jan 2008;15:00;pop/rock;1041263.9000001067;535554.3800000132
2008;Q1 2008;Jan 2008;13:00;pop/rock;979512.6000000964;501946.2400000167
2007;Q3 2007;Sep 2007;11:00;pop/rock;531177.9000000318;278810.71999999904
2007;Q3 2007;Sep 2007;20:00;pop/rock;124528.57999999826;66742.27999999984
2008;Q1 2008;Mar 2008;14:00;pop/rock;715032.170000054;355636.310000003
2008;Q1 2008;Feb 2008;17:00;pop/rock;698343.8000000551;368988.7300000018
2007;Q3 2007;Sep 2007;18:00;pop/rock;485885.910000025;254018.28000000192
2008;Q1 2008;Feb 2008;13:00;pop/rock;815714.510000073;431569.359999999
2007;Q3 2007;Jul 2007;11:00;pop/rock;838367.8400000766;450469.11999999353
2007;Q3 2007;Sep 2007;10:00;pop/rock;332859.77000000223;175389.95000000356
2007;Q4 2007;Nov 2007;18:00;pop/rock;804357.3100000703;423228.9600000043
2007;Q4 2007;Nov 2007;10:00;pop/rock;513367.2800000289;267195.9400000038
2007;Q3 2007;Sep 2007;22:00;pop/rock;21510.95000000001;11570.72000000001
2007;Q1 2007;Jan 2007;15:00;pop/rock;1295966.1599999669;762900.9799999982
2007;Q4 2007;Nov 2007;15:00;pop/rock;1207176.5800000178;636678.7599999711
2007;Q4 2007;Oct 2007;16:00;pop/rock;1040506.8700001114;557033.7399999822
2007;Q4 2007;Dec 2007;11:00;pop/rock;2648848.089999187;1385204.119999916
2007;Q4 2007;Dec 2007;18:00;pop/rock;2080517.7499995194;1089158.6399999154
2007;Q4 2007;Dec 2007;20:00;pop/rock;807887.6700000706;422250.7300000042
2007;Q3 2007;Sep 2007;08:00;pop/rock;6936.319999999995;3609.29
2007;Q4 2007;Dec 2007;15:00;pop/rock;3630698.58999865;1879318.579999932
2007;Q4 2007;Nov 2007;20:00;pop/rock;193420.19999999605;101680.78999999935
2007;Q4 2007;Oct 2007;22:00;pop/rock;26365.890000000054;14083.800000000012
2008;Q1 2008;Feb 2008;12:00;pop/rock;737059.6400000616;391089.7899999974
2008;Q1 2008;Jan 2008;20:00;pop/rock;142730.0099999978;73099.34999999995
2008;Q1 2008;Jan 2008;10:00;pop/rock;375270.18000000936;194006.5800000055
2007;Q4 2007;Nov 2007;09:00;pop/rock;110438.85999999882;57757.149999999805
2007;Q3 2007;Sep 2007;23:00;pop/rock;5904.869999999998;3227.5100000000007
2007;Q4 2007;Oct 2007;20:00;pop/rock;160221.56999999727;85555.05999999974
2007;Q2 2007;May 2007;17:00;pop/rock;604799.6800000438;345224.2200000055
2007;Q4 2007;Nov 2007;21:00;pop/rock;44094.58000000021;22987.880000000063
2007;Q3 2007;Jul 2007;16:00;pop/rock;1207495.670000022;651744.0599999877
2008;Q1 2008;Mar 2008;15:00;pop/rock;630746.0300000467;331623.41000000475
2008;Q1 2008;Mar 2008;16:00;pop/rock;602002.1600000414;318672.85000000894
2007;Q3 2007;Jul 2007;13:00;pop/rock;1315904.7499999634;705412.4899999795
2007;Q3 2007;Sep 2007;21:00;pop/rock;31511.150000000118;16530.670000000002
2007;Q4 2007;Nov 2007;18:00;dvd/video;1507012.869999881;726274.8599999968
2008;Q1 2008;Jan 2008;18:00;dvd/video;1595992.049999822;756545.2799999934
2008;Q1 2008;Jan 2008;12:00;dvd/video;1424669.3999998902;675726.5399999939
2008;Q1 2008;Jan 2008;19:00;dvd/video;1238223.659999979;584701.6599999964
2008;Q1 2008;Jan 2008;17:00;dvd/video;2188223.709999667;1033650.2299999853
2007;Q4 2007;Dec 2007;16:00;dvd/video;6265560.610002954;3012873.169999952
2007;Q4 2007;Dec 2007;15:00;dvd/video;6709453.320003527;3218275.5199999516
2007;Q4 2007;Dec 2007;11:00;dvd/video;3877157.829999107;1873720.4199999815
2007;Q4 2007;Dec 2007;17:00;dvd/video;5431235.090001299;2609496.040000032
2008;Q1 2008;Mar 2008;13:00;dvd/video;1422200.4099999187;679134.4199999989
2008;Q1 2008;Mar 2008;10:00;dvd/video;501867.2900000185;240968.7900000015
2007;Q4 2007;Dec 2007;19:00;dvd/video;2893747.5599994385;1393999.1700000002
2008;Q1 2008;Jan 2008;14:00;dvd/video;2159711.489999669;1022082.9299999867
2008;Q1 2008;Jan 2008;13:00;dvd/video;1861377.8699997459;873860.8499999867
2008;Q1 2008;Jan 2008;16:00;dvd/video;2369481.559999624;1119085.6099999682
2007;Q4 2007;Dec 2007;18:00;dvd/video;4079954.149999119;1967781.5800000012
2007;Q4 2007;Dec 2007;20:00;dvd/video;1538091.5799998243;740258.8699999889
2007;Q4 2007;Dec 2007;14:00;dvd/video;6580816.740003318;3157340.5299999686
2007;Q4 2007;Nov 2007;14:00;dvd/video;2111477.96999972;1022009.1900000093
2007;Q4 2007;Nov 2007;13:00;dvd/video;1876844.8399997726;909218.6300000038
2007;Q4 2007;Nov 2007;15:00;dvd/video;2219235.149999704;1075396.0500000077
2007;Q4 2007;Dec 2007;10:00;dvd/video;2160301.159999592;1044900.7499999824
2007;Q4 2007;Nov 2007;17:00;dvd/video;2062156.0299997425;998306.4000000085
2007;Q4 2007;Nov 2007;11:00;dvd/video;1229297.319999981;596344.9499999981
2007;Q4 2007;Nov 2007;16:00;dvd/video;2167815.479999707;1056987.1600000032
2007;Q4 2007;Nov 2007;21:00;dvd/video;142734.51999999912;69171.77999999994
2007;Q4 2007;Dec 2007;13:00;dvd/video;5632109.71000178;2709709.520000033
2007;Q4 2007;Dec 2007;22:00;dvd/video;186877.68999999802;90112.02999999998
2007;Q4 2007;Nov 2007;19:00;dvd/video;1245320.2499999711;601391.5499999996
2008;Q1 2008;Mar 2008;17:00;dvd/video;1331074.159999951;638952.7100000065
2007;Q4 2007;Dec 2007;12:00;dvd/video;5076811.51000077;2445167.9700000403
2008;Q1 2008;Feb 2008;13:00;dvd/video;1483661.2299998603;712448.2000000078
2008;Q1 2008;Feb 2008;16:00;dvd/video;1704080.8899997757;824119.62
2008;Q1 2008;Feb 2008;14:00;dvd/video;1662944.6499997906;804903.3800000037
2008;Q2 2008;Apr 2008;14:00;dvd/video;226713.689999997;108721.13000000015
2008;Q2 2008;Apr 2008;13:00;dvd/video;202390.58999999776;98339.4600000002
2008;Q1 2008;Jan 2008;15:00;dvd/video;2423395.9699996025;1148733.5799999614
2008;Q1 2008;Feb 2008;11:00;dvd/video;902967.4200000501;436108.83000000846
2008;Q1 2008;Jan 2008;11:00;dvd/video;1031564.170000055;489463.48000000307
2008;Q2 2008;Apr 2008;16:00;dvd/video;254905.05999999674;126772.31000000007
2008;Q1 2008;Feb 2008;19:00;dvd/video;915204.210000049;436579.820000007
2008;Q1 2008;Feb 2008;18:00;dvd/video;1235720.239999978;594714.6600000068
2008;Q1 2008;Feb 2008;17:00;dvd/video;1624692.9699998125;784102.7000000065
2008;Q1 2008;Jan 2008;09:00;dvd/video;104055.25999999927;49455.259999999944
2008;Q1 2008;Mar 2008;15:00;dvd/video;1532216.1499998835;742507.9699999996
2008;Q1 2008;Mar 2008;12:00;dvd/video;1209597.2100000102;581155.2700000077
2008;Q1 2008;Mar 2008;11:00;dvd/video;888979.9100000447;426475.59000000486
2008;Q1 2008;Feb 2008;20:00;dvd/video;302368.19000000093;145070.33000000002
2008;Q2 2008;Apr 2008;15:00;dvd/video;254931.37999999675;123450.65000000007
2008;Q2 2008;Apr 2008;17:00;dvd/video;209822.8099999976;103307.66000000009
2008;Q2 2008;Apr 2008;12:00;dvd/video;172032.78999999812;83723.48
2007;Q4 2007;Oct 2007;17:00;dvd/video;1596633.6899998444;757636.5800000058
2008;Q1 2008;Mar 2008;16:00;dvd/video;1462797.1499999051;703376.6399999969
2007;Q4 2007;Nov 2007;20:00;dvd/video;470282.98000001285;228590.6000000004
2007;Q4 2007;Oct 2007;15:00;dvd/video;1660297.6999998302;787338.6000000067
2007;Q4 2007;Oct 2007;16:00;dvd/video;1724258.8099998038;816971.1900000105
2007;Q4 2007;Oct 2007;13:00;dvd/video;1421956.429999903;673609.1200000034
2008;Q1 2008;Mar 2008;19:00;dvd/video;722157.8900000321;345066.0900000014
2007;Q4 2007;Dec 2007;21:00;dvd/video;662705.4100000297;326559.4600000017
2007;Q4 2007;Nov 2007;10:00;dvd/video;651740.6200000267;309053.9100000001
2008;Q2 2008;Apr 2008;19:00;dvd/video;143421.82999999865;71065.19999999997
2007;Q4 2007;Oct 2007;10:00;dvd/video;484986.3400000166;229776.70999999865
2007;Q4 2007;Oct 2007;12:00;dvd/video;1158328.0500000168;548713.6700000042
2007;Q4 2007;Oct 2007;20:00;dvd/video;313978.7300000012;148076.00999999978
2007;Q4 2007;Oct 2007;19:00;dvd/video;949736.6500000414;450669.9799999997
2008;Q1 2008;Feb 2008;10:00;dvd/video;495092.3100000207;240781.46000000296
2008;Q1 2008;Jan 2008;20:00;dvd/video;427116.3000000118;200816.2700000008
2007;Q4 2007;Oct 2007;14:00;dvd/video;1602727.6699998428;756480.100000005
2008;Q1 2008;Mar 2008;18:00;dvd/video;918735.1600000437;439683.2400000033
2007;Q1 2007;Jan 2007;19:00;pop/rock;639441.0400000497;384354.41000000236
2006;Q4 2006;Dec 2006;21:00;pop/rock;466758.09000002017;242930.40000000113
2007;Q3 2007;Aug 2007;11:00;pop/rock;582980.2100000394;306215.6200000007
2007;Q3 2007;Aug 2007;19:00;pop/rock;416429.09000001405;220136.0600000014
2007;Q2 2007;Jun 2007;11:00;pop/rock;748110.850000061;397591.899999995
2007;Q3 2007;Jul 2007;14:00;pop/rock;1373293.2099999278;739712.9499999767
2007;Q2 2007;Jun 2007;12:00;pop/rock;928025.1600000871;496856.15999999514
2007;Q2 2007;Jun 2007;14:00;pop/rock;1054952.230000103;575113.3499999956
2007;Q2 2007;Jun 2007;17:00;pop/rock;858731.2100000778;472200.19999999536
2007;Q2 2007;Jun 2007;19:00;pop/rock;571523.3100000357;313688.630000004
2007;Q2 2007;May 2007;16:00;pop/rock;670847.3800000539;379159.930000006
2007;Q2 2007;Apr 2007;16:00;pop/rock;571618.4900000383;308830.4800000032
2007;Q2 2007;Apr 2007;15:00;pop/rock;641113.0800000493;349526.33000000234
2007;Q2 2007;May 2007;18:00;pop/rock;512348.4000000306;288458.640000005
2007;Q3 2007;Jul 2007;12:00;pop/rock;1097565.7200000812;587679.4999999847
2007;Q2 2007;May 2007;15:00;pop/rock;716299.0700000593;401471.4600000062
2007;Q1 2007;Mar 2007;23:00;pop/rock;2798.9500000000007;1887.55
2007;Q4 2007;Nov 2007;11:00;pop/rock;915377.2500000868;478633.06
2007;Q4 2007;Dec 2007;19:00;pop/rock;1532527.0999998315;799553.4699999524
2008;Q1 2008;Mar 2008;12:00;pop/rock;651162.3100000499;344676.24000000197
2007;Q2 2007;Jun 2007;10:00;pop/rock;474705.8800000212;255401.9800000042
2007;Q1 2007;Mar 2007;19:00;pop/rock;500771.23000002746;272846.5900000046
2007;Q2 2007;May 2007;10:00;pop/rock;299174.4699999988;166384.66000000102
2007;Q2 2007;Jun 2007;16:00;pop/rock;964211.1800000918;528636.9999999966
2007;Q2 2007;Jun 2007;13:00;pop/rock;1004771.280000098;546750.150000001
2007;Q3 2007;Aug 2007;12:00;pop/rock;713887.9000000646;376420.8700000052
2007;Q3 2007;Aug 2007;18:00;pop/rock;535030.9500000343;281943.61000000115
2007;Q3 2007;Aug 2007;14:00;pop/rock;848946.1600000908;441915.4600000019
2007;Q3 2007;Aug 2007;15:00;pop/rock;857128.3000000917;451103.8900000014
2007;Q2 2007;Jun 2007;18:00;pop/rock;689144.3000000525;377241.6999999962
2006;Q4 2006;Dec 2006;08:00;pop/rock;12782.669999999991;5104.789999999999
2006;Q4 2006;Dec 2006;09:00;pop/rock;359835.88000000693;188731.49000000022
2007;Q1 2007;Jan 2007;20:00;pop/rock;198942.6299999957;127096.16000000015
2007;Q1 2007;Jan 2007;21:00;pop/rock;41651.43000000019;25824.09999999999
2008;Q1 2008;Feb 2008;18:00;pop/rock;540788.0500000325;287546.8300000046
2007;Q3 2007;Jul 2007;10:00;pop/rock;485173.93000002374;260410.13000000405
2007;Q3 2007;Jul 2007;20:00;pop/rock;211995.29999999504;112304.11999999947
2007;Q1 2007;Feb 2007;11:00;pop/rock;634777.9500000479;353189.44999999483
2007;Q2 2007;Jun 2007;20:00;pop/rock;220438.52999999517;120363.41999999998
2007;Q1 2007;Feb 2007;18:00;pop/rock;672471.3400000525;376970.21999999764
2007;Q1 2007;Mar 2007;21:00;pop/rock;39728.50000000017;21482.250000000007
2007;Q2 2007;May 2007;19:00;pop/rock;408439.35000001517;233513.4700000037
2007;Q1 2007;Feb 2007;17:00;pop/rock;853600.2900000791;476516.619999996
2007;Q2 2007;Apr 2007;21:00;pop/rock;23974.74000000004;13555.080000000002
2007;Q3 2007;Aug 2007;09:00;pop/rock;75636.56000000011;39904.70999999992
2007;Q1 2007;Jan 2007;16:00;dance;46545.22000000026;33360.75000000003
2007;Q3 2007;Sep 2007;13:00;skandinavisk;217711.68999999503;117058.93999999996
2006;Q3 2006;Jul 2006;09:00;games;23403.450000000015;12159.619999999997
2007;Q3 2007;Sep 2007;14:00;dvd/video;1517457.9799998414;705094.4500000097
2007;Q1 2007;Feb 2007;19:00;dvd/video;853669.3600000337;408715.1900000009
2007;Q1 2007;Jan 2007;11:00;dvd/video;1013023.230000047;469642.58000000304
2007;Q1 2007;Feb 2007;16:00;dvd/video;1655632.0599998257;792959.3199999973
2007;Q2 2007;Jun 2007;20:00;dvd/video;334416.51000000426;161301.37000000052
2007;Q1 2007;Feb 2007;11:00;dvd/video;759921.4700000348;363847.03000000067
2007;Q1 2007;Feb 2007;15:00;dvd/video;1650748.699999822;788099.8700000015
2007;Q3 2007;Aug 2007;14:00;dvd/video;1737982.6299997917;799658.6299999859
2007;Q1 2007;Jan 2007;15:00;dvd/video;2306044.839999686;1078138.8800000024
2007;Q1 2007;Jan 2007;17:00;dvd/video;2071491.069999753;973383.5399999942
2007;Q1 2007;Jan 2007;12:00;dvd/video;1408256.5399999176;656847.6799999936
2007;Q1 2007;Jan 2007;18:00;dvd/video;1566672.2399998698;735994.8499999978
2007;Q1 2007;Jan 2007;13:00;dvd/video;1858854.0599997814;866800.5600000048
2007;Q1 2007;Jan 2007;14:00;dvd/video;2114516.8999997247;984235.4199999959
2007;Q1 2007;Jan 2007;19:00;dvd/video;1247732.9199999718;586382.5499999915
2007;Q3 2007;Aug 2007;12:00;dvd/video;1224412.0399999619;564353.6999999967
2007;Q3 2007;Jul 2007;10:00;dvd/video;441210.5300000121;204386.24999999988
2006;Q4 2006;Dec 2006;18:00;dvd/video;4441330.309999489;2119641.1299998225
2006;Q4 2006;Dec 2006;12:00;dvd/video;5216760.060000694;2493328.180000072
2006;Q4 2006;Dec 2006;10:00;dvd/video;2127565.839999581;1027378.0199999935
2006;Q4 2006;Nov 2006;11:00;dvd/video;1205288.8499999829;585037.28000001
2006;Q4 2006;Dec 2006;19:00;dvd/video;3355372.1599993207;1595676.4899998475
2006;Q4 2006;Oct 2006;12:00;dvd/video;1124605.280000019;559159.9000000046
2006;Q4 2006;Oct 2006;15:00;dvd/video;1595658.2599998324;793927.7599999774
2006;Q4 2006;Dec 2006;17:00;dvd/video;5695401.5100016035;2708476.53000013
2006;Q4 2006;Dec 2006;13:00;dvd/video;6090851.360002329;2899220.3200002373
2006;Q4 2006;Oct 2006;13:00;dvd/video;1343365.9999999108;666215.8899999862
2006;Q4 2006;Nov 2006;13:00;dvd/video;1854145.249999699;895465.5200000226
2006;Q4 2006;Dec 2006;20:00;dvd/video;1885835.2699997136;895740.2899999947
2006;Q4 2006;Dec 2006;09:00;dvd/video;361524.69000000687;173640.45999999912
2006;Q4 2006;Oct 2006;17:00;dvd/video;1508602.9699998514;753160.2799999806
2006;Q4 2006;Dec 2006;21:00;dvd/video;759641.7200000342;360285.9100000051
2006;Q4 2006;Nov 2006;19:00;dvd/video;1125196.5600000147;547694.6900000079
2006;Q4 2006;Nov 2006;18:00;dvd/video;1499616.809999845;729269.1200000162
2006;Q4 2006;Nov 2006;21:00;dvd/video;112430.75999999908;53215.770000000106
2006;Q4 2006;Dec 2006;22:00;dvd/video;234326.5199999973;108436.38999999948
2006;Q4 2006;Nov 2006;17:00;dvd/video;1932173.4699996884;937035.8900000188
2006;Q4 2006;Nov 2006;10:00;dvd/video;640787.0100000318;313406.46000000415
2006;Q4 2006;Nov 2006;16:00;dvd/video;2081522.4999996503;1008745.0000000094
2006;Q4 2006;Nov 2006;14:00;dvd/video;2041127.8099996615;991091.5700000135
2006;Q4 2006;Nov 2006;09:00;dvd/video;131255.93999999846;64105.97000000008
2006;Q3 2006;Sep 2006;18:00;dvd/video;139968.77999999883;66469.66999999998
2006;Q3 2006;Sep 2006;10:00;dvd/video;49885.44000000012;22984.700000000008
2006;Q3 2006;Sep 2006;12:00;dvd/video;166235.65999999875;76380.99999999984
2006;Q3 2006;Sep 2006;11:00;dvd/video;105639.51999999928;48426.44999999986
2006;Q3 2006;Sep 2006;09:00;dvd/video;10742.119999999994;4968.379999999999
2007;Q1 2007;Jan 2007;21:00;dvd/video;98993.43999999962;46609.61999999997
2006;Q1 2006;Jan 2006;15:00;dvd/video;4028.9000000000005;316.32000000000005
2007;Q1 2007;Jan 2007;10:00;dvd/video;506017.89000001684;236110.35000000012
2007;Q1 2007;Jan 2007;20:00;dvd/video;447535.1100000107;208657.47000000082
2006;Q3 2006;Sep 2006;21:00;dvd/video;20287.02000000002;10252.490000000009
2007;Q2 2007;Jun 2007;10:00;dvd/video;379013.28000000754;174748.34000000043
2007;Q3 2007;Jul 2007;14:00;dvd/video;1847083.0799998052;849878.7000000043
2007;Q3 2007;Sep 2007;13:00;dvd/video;1373776.709999904;641904.9900000143
2007;Q1 2007;Feb 2007;17:00;dvd/video;1495021.1099998679;717228.1999999885
2007;Q2 2007;Jun 2007;13:00;dvd/video;1095102.8900000222;518443.50000000023
2007;Q1 2007;Feb 2007;10:00;dvd/video;392289.08000001;187003.9500000005
2007;Q1 2007;Feb 2007;14:00;dvd/video;1515698.9299998605;723695.6999999938
2007;Q3 2007;Sep 2007;12:00;dvd/video;1118598.4400000188;522459.40999999625
2007;Q1 2007;Mar 2007;09:00;dvd/video;104087.88999999924;51766.670000000035
2007;Q3 2007;Aug 2007;11:00;dvd/video;866542.1300000395;399042.1799999981
2007;Q1 2007;Feb 2007;12:00;dvd/video;1101188.8200000315;526335.0700000019
2007;Q3 2007;Sep 2007;18:00;dvd/video;1132683.0800000129;526020.4999999966
2007;Q1 2007;Mar 2007;20:00;pop/rock;168768.35999999684;92129.78000000023
2008;Q1 2008;Jan 2008;10:00;dvd/video;543380.6200000214;259364.80000000136
2008;Q1 2008;Feb 2008;21:00;dvd/video;67956.14000000014;32916.96999999999
2008;Q1 2008;Mar 2008;20:00;dvd/video;226442.02999999732;108519.06999999986
2007;Q4 2007;Dec 2007;09:00;dvd/video;385933.19000001054;189480.14999999944
2008;Q1 2008;Mar 2008;22:00;dvd/video;16846.519999999993;8267.910000000002
2006;Q4 2006;Oct 2006;21:00;dvd/video;91336.5399999995;45083.54000000005
2006;Q4 2006;Oct 2006;09:00;dvd/video;84755.79999999961;41085.29999999998
2008;Q1 2008;Jan 2008;22:00;dvd/video;40548.08000000007;19728.16999999998
2007;Q3 2007;Aug 2007;15:00;dvd/video;1792871.3299997682;827369.709999985
2007;Q2 2007;May 2007;10:00;dvd/video;297894.7500000007;145795.08000000042
2007;Q3 2007;Aug 2007;02:00;dvd/video;9663.099999999995;4325.38
2007;Q3 2007;Aug 2007;20:00;dvd/video;423717.92000001186;193619.37000000026
2007;Q3 2007;Aug 2007;17:00;dvd/video;1660125.609999804;768957.9599999848
2007;Q3 2007;Jul 2007;20:00;dvd/video;404676.2700000091;185764.7700000001
2007;Q3 2007;Sep 2007;17:00;dvd/video;1520174.1699998444;708863.59000001
2007;Q3 2007;Jul 2007;23:00;dvd/video;22037.100000000024;9187.12
2007;Q3 2007;Aug 2007;19:00;dvd/video;1093737.2900000361;509438.3200000009
2007;Q4 2007;Oct 2007;11:00;dvd/video;858785.3600000376;405797.23000000056
2008;Q2 2008;Apr 2008;11:00;dvd/video;125812.1599999988;61972.829999999914
2008;Q2 2008;Apr 2008;20:00;dvd/video;42565.410000000134;20441.89999999999
2008;Q1 2008;Mar 2008;21:00;dvd/video;28924.420000000046;13895.119999999994
2008;Q1 2008;Feb 2008;09:00;dvd/video;94323.31999999941;46429.16000000001
2008;Q1 2008;Jan 2008;21:00;dvd/video;90098.43999999962;43061.670000000035
2008;Q2 2008;Apr 2008;10:00;dvd/video;78143.44999999997;37841.97999999997
2007;Q3 2007;Sep 2007;10:00;dvd/video;451044.7100000155;212514.83999999936
2007;Q3 2007;Aug 2007;13:00;dvd/video;1553105.3699998348;715670.9899999871
2007;Q3 2007;Aug 2007;09:00;dvd/video;95922.17999999938;44330.06000000002
2007;Q3 2007;Sep 2007;09:00;dvd/video;101346.61999999928;48652.86000000001
2006;Q4 2006;Oct 2006;22:00;dvd/video;54763.04000000015;27905.530000000006
2006;Q4 2006;Nov 2006;22:00;dvd/video;55045.44000000011;25310.460000000017
2006;Q4 2006;Dec 2006;08:00;dvd/video;10048.759999999991;5056.179999999999
2006;Q4 2006;Dec 2006;23:00;dvd/video;75646.57999999993;35444.86000000002
2006;Q4 2006;Nov 2006;08:00;dvd/video;13875.699999999986;7197.399999999999
2007;Q3 2007;Sep 2007;20:00;dvd/video;317685.7000000033;151545.72999999966
2007;Q3 2007;Aug 2007;10:00;dvd/video;476309.62000001676;223159.38000000047
2007;Q4 2007;Dec 2007;23:00;dvd/video;65396.98000000019;33568.02999999999
2007;Q3 2007;Aug 2007;22:00;dvd/video;78914.21999999978;34728.50999999999
2007;Q3 2007;Sep 2007;16:00;dvd/video;1580281.7399998282;742177.9000000138
2007;Q1 2007;Feb 2007;21:00;dvd/video;68661.5000000001;33378.579999999994
2007;Q4 2007;Nov 2007;22:00;dvd/video;73518.61000000002;37687.37999999997
2007;Q3 2007;Jul 2007;22:00;dvd/video;97757.27999999937;44950.70000000004
2007;Q3 2007;Jul 2007;21:00;dvd/video;153220.63999999876;68948.64999999994
2007;Q3 2007;Aug 2007;23:00;dvd/video;15765.439999999988;7080.4000000000015
2007;Q3 2007;Aug 2007;21:00;dvd/video;118564.41999999907;52940.399999999994
2007;Q1 2007;Feb 2007;20:00;dvd/video;315052.0300000025;152270.77000000043
2006;Q3 2006;Jul 2006;10:00;dvd/video;442185.480000015;212689.83999999918
2006;Q3 2006;Aug 2006;09:00;dvd/video;72743.62000000007;33351.17000000002
2006;Q2 2006;Jun 2006;09:00;dvd/video;50174.860000000124;24164.460000000014
2006;Q3 2006;Aug 2006;21:00;dvd/video;128491.55999999902;56356.14999999992
2007;Q1 2007;Jan 2007;22:00;dvd/video;51279.96000000007;24605.93
2007;Q2 2007;May 2007;22:00;dvd/video;46386.52000000009;23292.84999999997
2007;Q4 2007;Nov 2007;09:00;dvd/video;117036.35999999908;56512.45999999997
2007;Q2 2007;Jun 2007;09:00;dvd/video;77665.38999999985;35907.38000000003
2007;Q2 2007;Jun 2007;22:00;dvd/video;80557.10999999974;40682.83999999997
2007;Q3 2007;Jul 2007;00:00;dvd/video;5729.199999999999;2638.8699999999994
2007;Q2 2007;Jun 2007;23:00;dvd/video;31486.520000000055;15966.699999999999
2006;Q3 2006;Jul 2006;09:00;dvd/video;100852.67999999927;48491.53999999993
2007;Q1 2007;Jan 2007;09:00;dvd/video;91491.53999999963;42048.41000000005
2007;Q3 2007;Sep 2007;11:00;dvd/video;822102.280000038;384260.98999999766
2007;Q2 2007;May 2007;09:00;dvd/video;72303.73000000004;34649.45
2007;Q1 2007;Mar 2007;22:00;dvd/video;44204.22000000009;21654.70999999999
2007;Q1 2007;Mar 2007;21:00;dvd/video;95847.6399999994;47169.00000000003
2008;Q1 2008;Mar 2008;19:00;pop/rock;276628.939999995;144730.90000000058
2008;Q1 2008;Feb 2008;11:00;pop/rock;585936.1000000389;311403.0700000038
2008;Q2 2008;Apr 2008;19:00;pop/rock;52582.220000000314;28485.889999999974
2008;Q2 2008;Apr 2008;18:00;pop/rock;68438.03000000039;36594.18999999997
2007;Q1 2007;Jan 2007;05:00;dvd/video;2979.6;1326.07
2007;Q1 2007;Jan 2007;23:00;dvd/video;9791.339999999998;4726.169999999999
2007;Q1 2007;Jan 2007;00:00;dvd/video;2341.82;963.8799999999999
2007;Q1 2007;Feb 2007;09:00;dvd/video;81279.41999999981;39142.62999999999
2007;Q1 2007;Feb 2007;22:00;dvd/video;43983.90000000007;21672.82000000001
2007;Q3 2007;Aug 2007;19:00;jazz/blues;5385.5999999999985;2849.28
2007;Q2 2007;Apr 2007;09:00;pop/rock;69407.00000000029;36802.23999999998
2008;Q1 2008;Mar 2008;17:00;pop/rock;510201.1000000285;269406.55000000173
2008;Q1 2008;Mar 2008;18:00;pop/rock;366616.8900000074;194312.64000000164
2008;Q1 2008;Mar 2008;13:00;pop/rock;696796.580000057;367641.5400000031
2008;Q1 2008;Mar 2008;09:00;pop/rock;56011.45000000033;29957.79000000003
2008;Q2 2008;Apr 2008;13:00;pop/rock;97794.43999999932;52755.70000000009
2008;Q1 2008;Mar 2008;20:00;pop/rock;81246.37999999987;42950.96999999986
2008;Q1 2008;Mar 2008;11:00;pop/rock;515123.9500000294;273276.23000000237
2008;Q2 2008;Apr 2008;16:00;pop/rock;99556.38999999921;53833.8100000001
2007;Q2 2007;May 2007;20:00;pop/rock;136835.25999999777;79600.92999999979
2008;Q1 2008;Feb 2008;10:00;pop/rock;367060.53000000835;195544.43000000113
2008;Q2 2008;Apr 2008;17:00;pop/rock;77108.93000000005;41395.39999999996
2007;Q1 2007;Mar 2007;16:00;pop/rock;954147.7900000927;514155.02000000165
2007;Q2 2007;May 2007;18:00;international;2618.500000000001;1496.13
2008;Q1 2008;Mar 2008;10:00;pop/rock;321473.16000000155;169185.71000000127
2008;Q1 2008;Jan 2008;13:00;jazz/blues;17003.619999999977;9043.619999999999
2007;Q1 2007;Feb 2007;17:00;skandinavisk;84313.06999999973;48138.890000000065
2007;Q1 2007;Jan 2007;13:00;skandinavisk;145415.73999999725;89496.40000000037
2007;Q3 2007;Aug 2007;13:00;skandinavisk;162634.19999999684;88263.97999999986
2007;Q1 2007;Mar 2007;14:00;skandinavisk;118589.81999999851;62417.01999999993
2007;Q2 2007;Jun 2007;09:00;skandinavisk;18893.14;9826.910000000002
2007;Q1 2007;Feb 2007;11:00;skandinavisk;85436.33999999972;46849.830000000045
2007;Q3 2007;Jul 2007;14:00;skandinavisk;252709.58999999377;132190.5000000018
2007;Q2 2007;May 2007;21:00;dvd/video;90177.41999999959;45020.52000000008
2007;Q2 2007;Apr 2007;22:00;dvd/video;40888.45000000009;21038.819999999996
2006;Q3 2006;Aug 2006;23:00;dvd/video;14816.99999999999;5804.669999999998
2007;Q3 2007;Jul 2007;21:00;pop/rock;63732.51000000038;31973.32999999996
2007;Q1 2007;Jan 2007;17:00;skandinavisk;104360.39999999893;66214.04999999965
2007;Q2 2007;Jun 2007;21:00;pop/rock;66299.62000000034;37889.35999999991
2008;Q1 2008;Feb 2008;22:00;dvd/video;41091.2400000001;19439.939999999995
2006;Q3 2006;Aug 2006;01:00;dvd/video;4069.0000000000005;1756.81
2006;Q4 2006;Dec 2006;00:00;dvd/video;7292.899999999997;3251.79
2007;Q3 2007;Jul 2007;09:00;dvd/video;77398.2199999999;35782.97000000004
2007;Q2 2007;May 2007;00:00;dvd/video;1909.5000000000005;0.0
2007;Q2 2007;Jun 2007;14:00;klassisk;4696.799999999999;2101.1900000000005
2007;Q2 2007;Jun 2007;11:00;klassisk;3897.2000000000016;2070.370000000001
2007;Q2 2007;Jun 2007;18:00;klassisk;3672.5000000000014;1914.3800000000003
2007;Q3 2007;Jul 2007;16:00;klassisk;6745.299999999996;3474.8899999999994
2007;Q2 2007;Jun 2007;22:00;klassisk;439.6;210.48999999999998
2007;Q3 2007;Jul 2007;09:00;klassisk;959.4;486.08
2007;Q4 2007;Nov 2007;14:00;klassisk;103260.74999999907;55097.40999999995
2007;Q4 2007;Oct 2007;15:00;klassisk;26013.020000000062;13629.540000000006
2007;Q4 2007;Dec 2007;11:00;klassisk;222410.0399999947;118120.47999999968
2008;Q1 2008;Jan 2008;20:00;klassisk;2918.100000000001;1491.3300000000002
2008;Q1 2008;Jan 2008;13:00;klassisk;31205.49000000011;16237.090000000018
2008;Q1 2008;Jan 2008;17:00;klassisk;18358.999999999993;9885.660000000007
2007;Q3 2007;Jul 2007;18:00;klassisk;5036.5;2626.14
2007;Q2 2007;May 2007;12:00;klassisk;3807.6000000000013;2132.24
2007;Q2 2007;May 2007;13:00;klassisk;4371.900000000001;2369.81
2007;Q2 2007;Jun 2007;15:00;klassisk;6280.699999999995;3021.9000000000005
2007;Q2 2007;Jun 2007;19:00;klassisk;1339.0000000000002;634.85
2007;Q3 2007;Jul 2007;15:00;klassisk;5521.019999999999;2958.75
2007;Q3 2007;Aug 2007;20:00;klassisk;3667.4000000000015;1888.1499999999996
2007;Q3 2007;Aug 2007;14:00;klassisk;39833.700000000186;20953.16000000004
2007;Q2 2007;Jun 2007;20:00;klassisk;1109.2;578.06
2007;Q3 2007;Jul 2007;13:00;klassisk;6334.799999999995;2969.2899999999995
2006;Q4 2006;Dec 2006;11:00;klassisk;49158.05000000028;26627.2
2006;Q3 2006;Aug 2006;12:00;klassisk;6314.899999999996;2862.67
2006;Q3 2006;Aug 2006;21:00;klassisk;1109.1;466.3
2006;Q3 2006;Aug 2006;15:00;klassisk;5674.899999999998;2763.109999999999
2006;Q3 2006;Jul 2006;21:00;klassisk;769.1999999999999;363.84
2006;Q4 2006;Dec 2006;15:00;klassisk;55582.83000000033;29798.26
2006;Q4 2006;Dec 2006;12:00;klassisk;52081.500000000306;27862.89000000001
2006;Q3 2006;Jul 2006;16:00;klassisk;3796.7000000000016;1859.9400000000003
2006;Q3 2006;Aug 2006;19:00;klassisk;3067.3000000000015;1482.6299999999999
2006;Q3 2006;Aug 2006;10:00;klassisk;3166.5000000000014;1391.56
2006;Q3 2006;Aug 2006;16:00;klassisk;4826.299999999999;2258.4300000000003
2006;Q3 2006;Aug 2006;13:00;klassisk;6754.799999999996;3013.4300000000003
2006;Q3 2006;Aug 2006;14:00;klassisk;4636.6;2045.23
2006;Q3 2006;Jul 2006;18:00;klassisk;4456.6;2144.5599999999995
2006;Q3 2006;Aug 2006;20:00;klassisk;1229.1000000000001;561.1
2006;Q3 2006;Aug 2006;08:00;klassisk;199.8;96.43
2006;Q3 2006;Jul 2006;17:00;klassisk;3867.2000000000016;1630.3600000000001
2006;Q3 2006;Jul 2006;15:00;klassisk;4346.500000000001;2189.55
2006;Q3 2006;Jul 2006;10:00;klassisk;3117.500000000001;1399.6800000000007
2006;Q2 2006;Jun 2006;15:00;klassisk;5864.799999999997;2883.2400000000002
2006;Q2 2006;Jun 2006;21:00;klassisk;419.6;216.02999999999997
2006;Q2 2006;Jun 2006;18:00;klassisk;2093.0200000000004;1048.51
2006;Q3 2006;Jul 2006;22:00;klassisk;619.5;291.85
2006;Q3 2006;Jul 2006;13:00;klassisk;7713.999999999991;2880.519999999999
2006;Q4 2006;Nov 2006;10:00;klassisk;7884.719999999992;3888.77
2006;Q3 2006;Jul 2006;12:00;klassisk;4870.699999999999;2412.3999999999996
2006;Q3 2006;Aug 2006;18:00;klassisk;2957.500000000001;1399.32
2006;Q3 2006;Jul 2006;09:00;klassisk;644.5;293.49
2006;Q3 2006;Jul 2006;11:00;klassisk;5805.199999999998;2743.4799999999996
2006;Q3 2006;Jul 2006;19:00;klassisk;2517.5000000000014;1152.31
2006;Q4 2006;Dec 2006;17:00;klassisk;37316.50000000017;19713.729999999985
2006;Q2 2006;Jun 2006;17:00;klassisk;3806.700000000002;1925.7400000000002
2006;Q2 2006;Jun 2006;19:00;klassisk;1847.9000000000008;898.9000000000001
2006;Q2 2006;Jun 2006;13:00;klassisk;4297.000000000001;2016.8799999999999
2006;Q2 2006;Jun 2006;10:00;klassisk;2907.700000000001;1420.12
2006;Q2 2006;Jun 2006;16:00;klassisk;3047.300000000001;1433.2299999999998
2006;Q3 2006;Jul 2006;14:00;klassisk;4865.5;2323.6199999999994
2006;Q4 2006;Dec 2006;16:00;klassisk;43421.83000000021;23610.950000000015
2006;Q4 2006;Dec 2006;10:00;klassisk;29480.9000000001;15838.40999999998
2006;Q2 2006;Jun 2006;12:00;klassisk;2097.600000000001;1034.0900000000001
2006;Q2 2006;Jun 2006;14:00;klassisk;2058.2000000000003;985.66
2006;Q4 2006;Dec 2006;20:00;klassisk;13661.19999999998;7181.789999999997
2006;Q4 2006;Oct 2006;13:00;klassisk;4595.500000000001;2162.44
2006;Q4 2006;Oct 2006;17:00;klassisk;2168.4000000000005;1001.2299999999999
2007;Q1 2007;Mar 2007;16:00;klassisk;4466.700000000001;2267.6299999999997
2006;Q2 2006;Jun 2006;11:00;klassisk;2717.700000000001;1346.8300000000002
2006;Q3 2006;Sep 2006;16:00;klassisk;1059.2;435.36
2006;Q3 2006;Aug 2006;17:00;klassisk;6724.099999999995;3195.8600000000006
2006;Q4 2006;Nov 2006;18:00;klassisk;8274.699999999992;4214.859999999999
2006;Q4 2006;Nov 2006;15:00;klassisk;10991.899999999987;5303.699999999994
2007;Q1 2007;Mar 2007;14:00;klassisk;4856.799999999999;2296.7399999999993
2007;Q2 2007;Jun 2007;16:00;klassisk;5026.899999999999;2616.41
2007;Q2 2007;Jun 2007;21:00;klassisk;629.3;283.87
2007;Q2 2007;May 2007;17:00;klassisk;2318.600000000001;1238.8000000000002
2007;Q2 2007;May 2007;20:00;klassisk;1499.0000000000002;873.1
2007;Q2 2007;May 2007;19:00;klassisk;1064.3;668.9799999999999
2007;Q3 2007;Jul 2007;12:00;klassisk;6402.619999999994;3539.0999999999995
2007;Q3 2007;Jul 2007;17:00;klassisk;7916.239999999991;4016.0099999999984
2007;Q3 2007;Jul 2007;14:00;klassisk;9332.019999999986;4764.360000000001
2007;Q3 2007;Aug 2007;12:00;klassisk;38165.22000000017;19946.770000000015
2007;Q3 2007;Aug 2007;18:00;klassisk;20356.900000000012;10626.30999999999
2007;Q3 2007;Aug 2007;15:00;klassisk;34657.90000000014;18055.160000000003
2007;Q3 2007;Aug 2007;11:00;klassisk;27642.100000000075;14517.729999999981
2007;Q3 2007;Aug 2007;16:00;klassisk;29071.020000000088;15164.759999999982
2008;Q1 2008;Feb 2008;14:00;klassisk;18806.69999999999;11128.090000000002
2008;Q1 2008;Feb 2008;16:00;klassisk;18436.99999999999;10902.960000000005
2007;Q4 2007;Dec 2007;15:00;klassisk;273030.3099999951;145546.92000000182
2007;Q3 2007;Sep 2007;12:00;klassisk;37672.84000000016;19750.59000000001
2007;Q2 2007;Apr 2007;17:00;klassisk;2078.4000000000005;1050.62
2007;Q4 2007;Dec 2007;16:00;klassisk;247211.9599999938;132009.99999999968
2007;Q1 2007;Mar 2007;12:00;klassisk;4621.900000000001;2336.0400000000004
2007;Q3 2007;Sep 2007;13:00;klassisk;40868.700000000186;21448.250000000015
2007;Q2 2007;Jun 2007;13:00;klassisk;4896.699999999999;2421.1100000000006
2007;Q3 2007;Jul 2007;22:00;klassisk;949.4;480.66
2007;Q4 2007;Dec 2007;13:00;klassisk;266771.1899999943;141756.47000000125
2007;Q2 2007;Jun 2007;17:00;klassisk;5901.099999999997;2915.78
2007;Q3 2007;Aug 2007;09:00;klassisk;4986.699999999999;2594.2000000000007
2007;Q3 2007;Aug 2007;17:00;klassisk;22465.120000000028;11634.469999999985
2007;Q3 2007;Aug 2007;13:00;klassisk;41737.8200000002;22066.37000000005
2007;Q2 2007;May 2007;18:00;klassisk;3208.000000000001;1981.0700000000002
2007;Q3 2007;Jul 2007;10:00;klassisk;3627.4000000000015;1835.9000000000003
2007;Q2 2007;Apr 2007;21:00;klassisk;739.5;392.84999999999997
2007;Q1 2007;Jan 2007;16:00;klassisk;6009.909999999997;3755.0799999999986
2007;Q4 2007;Oct 2007;19:00;klassisk;11302.619999999986;5912.13
2007;Q1 2007;Feb 2007;19:00;klassisk;1913.5000000000005;1017.75
2007;Q3 2007;Jul 2007;11:00;klassisk;4591.420000000001;2371.3999999999996
2007;Q4 2007;Oct 2007;21:00;dvd/video;85304.33999999975;40112.66
2007;Q3 2007;Jul 2007;23:00;pop/rock;12206.649999999981;5945.480000000001
2007;Q3 2007;Jul 2007;09:00;pop/rock;77497.09999999998;42059.85999999998
2007;Q3 2007;Aug 2007;10:00;pop/rock;347129.8100000049;181448.01000000053
2007;Q3 2007;Jul 2007;22:00;pop/rock;50922.29000000031;26631.439999999984
2006;Q4 2006;Nov 2006;08:00;pop/rock;14772.129999999977;7837.879999999999
2006;Q2 2006;Jun 2006;22:00;pop/rock;50373.33000000027;29412.390000000032
2007;Q1 2007;Mar 2007;22:00;pop/rock;23438.480000000043;13152.14000000001
2007;Q1 2007;Mar 2007;10:00;pop/rock;410449.8800000151;221731.03000000265
2007;Q2 2007;Jun 2007;09:00;pop/rock;119293.84999999858;64254.72999999981
2007;Q2 2007;May 2007;13:00;pop/rock;709809.6900000595;398092.39000000624
2007;Q1 2007;Feb 2007;21:00;pop/rock;33723.240000000114;19839.299999999985
2007;Q4 2007;Dec 2007;10:00;pop/rock;1706970.909999726;892757.6799999239
2007;Q3 2007;Aug 2007;23:00;pop/rock;6522.869999999997;3274.9300000000007
2007;Q2 2007;Apr 2007;22:00;pop/rock;15243.33999999998;7762.320000000004
2007;Q2 2007;Apr 2007;08:00;pop/rock;5745.019999999998;3053.9399999999982
2007;Q3 2007;Aug 2007;20:00;pop/rock;150513.41999999725;79058.96000000024
2007;Q2 2007;Apr 2007;13:00;skandinavisk;61913.92000000037;33760.05999999994
2007;Q1 2007;Feb 2007;19:00;skandinavisk;40410.50000000019;21805.759999999977
2006;Q3 2006;Aug 2006;10:00;skandinavisk;39758.510000000184;20011.149999999987
2007;Q2 2007;May 2007;11:00;skandinavisk;49751.10000000027;28006.580000000016
2007;Q1 2007;Feb 2007;16:00;budget;125.0;133.20000000000002
2007;Q1 2007;Jan 2007;11:00;budget;190.0;261.37
2007;Q4 2007;Dec 2007;21:00;pop/rock;312107.7300000009;164331.2600000018
2008;Q1 2008;Mar 2008;21:00;pop/rock;8302.319999999992;4359.320000000001
2007;Q4 2007;Dec 2007;22:00;pop/rock;81178.07999999983;43064.89999999988
2007;Q2 2007;May 2007;11:00;pop/rock;490656.75000002806;274812.13000000396
2007;Q4 2007;Oct 2007;09:00;dvd/video;95758.37999999958;46100.72000000001
2007;Q4 2007;Nov 2007;15:00;skandinavisk;350190.5500000057;186339.0500000028
2008;Q1 2008;Jan 2008;09:00;pop/rock;71476.72000000018;37117.329999999885
2008;Q2 2008;Apr 2008;11:00;pop/rock;72554.64000000022;38317.35999999992
2008;Q1 2008;Feb 2008;19:00;pop/rock;399499.400000013;211400.41000000117
2007;Q4 2007;Oct 2007;08:00;pop/rock;5011.34;2715.83
2008;Q2 2008;Apr 2008;10:00;pop/rock;46419.56000000024;25153.92999999997
2007;Q4 2007;Nov 2007;22:00;pop/rock;22256.28000000002;11756.710000000001
2008;Q2 2008;Apr 2008;12:00;pop/rock;89913.21999999958;47362.63000000014
2008;Q1 2008;Feb 2008;09:00;pop/rock;71483.32000000018;38249.03999999993
2006;Q3 2006;Jul 2006;12:00;skandinavisk;73559.62000000013;37900.04
2007;Q3 2007;Aug 2007;04:00;pop/rock;1808.9000000000005;1194.1900000000003
2007;Q1 2007;Feb 2007;20:00;dance;6962.849999999995;4497.789999999998
2006;Q4 2006;Dec 2006;13:00;dance;80128.47999999988;44993.509999999944
2006;Q2 2006;Jun 2006;18:00;dance;11687.999999999984;6363.549999999999
2007;Q2 2007;May 2007;15:00;dance;26029.690000000057;13940.349999999997
2007;Q1 2007;Feb 2007;18:00;dance;20417.720000000012;12351.539999999986
2007;Q4 2007;Nov 2007;13:00;dance;38397.26000000016;20649.840000000047
2008;Q2 2008;Apr 2008;14:00;pop/rock;99653.34999999925;53001.13000000005
2007;Q2 2007;May 2007;09:00;pop/rock;71652.62000000017;40019.669999999955
2007;Q3 2007;Aug 2007;22:00;pop/rock;35035.270000000164;17879.259999999987
2007;Q4 2007;Oct 2007;18:00;jazz/blues;16193.379999999977;8545.669999999996
2007;Q4 2007;Dec 2007;15:00;jazz/blues;33232.56000000011;17311.32
2008;Q1 2008;Mar 2008;18:00;jazz/blues;5616.199999999999;3054.08
2007;Q4 2007;Oct 2007;15:00;jazz/blues;27829.42000000007;14544.109999999997
2007;Q3 2007;Aug 2007;15:00;jazz/blues;14199.399999999976;7242.919999999996
2007;Q4 2007;Nov 2007;16:00;jazz/blues;18237.79999999999;9469.73
2007;Q3 2007;Sep 2007;15:00;jazz/blues;32189.00000000011;16341.88
2007;Q4 2007;Oct 2007;16:00;jazz/blues;26260.480000000058;13713.349999999995
2007;Q3 2007;Sep 2007;13:00;jazz/blues;29281.260000000082;15092.169999999998
2007;Q3 2007;Sep 2007;16:00;jazz/blues;28159.820000000072;14638.82
2007;Q4 2007;Oct 2007;17:00;jazz/blues;23914.870000000035;12338.949999999995
2007;Q3 2007;Aug 2007;17:00;jazz/blues;8443.69999999999;4650.339999999998
2007;Q2 2007;Apr 2007;23:00;dvd/video;4118.32;2110.2999999999997
2007;Q2 2007;May 2007;01:00;dvd/video;3169.3000000000006;0.0
2008;Q1 2008;Mar 2008;09:00;dvd/video;85925.55999999981;41521.45999999995
2007;Q4 2007;Oct 2007;22:00;dvd/video;62887.32000000015;29735.210000000003
2007;Q4 2007;Oct 2007;23:00;dvd/video;11702.799999999994;5743.5599999999995
2007;Q3 2007;Sep 2007;19:00;dvd/video;881856.0300000384;408036.2099999989
2007;Q3 2007;Sep 2007;21:00;dvd/video;95926.6199999994;44379.28000000001
2007;Q1 2007;Jan 2007;13:00;jazz/blues;14286.339999999976;10787.71
2006;Q3 2006;Jul 2006;14:00;jazz/blues;5556.999999999999;2795.0699999999993
2006;Q4 2006;Nov 2006;17:00;jazz/blues;44185.27000000022;23854.890000000003
2006;Q4 2006;Oct 2006;14:00;jazz/blues;10593.639999999989;5715.730000000002
2006;Q4 2006;Dec 2006;12:00;jazz/blues;57511.50000000035;32056.170000000013
2006;Q4 2006;Oct 2006;17:00;jazz/blues;10656.219999999987;5751.7400000000025
2006;Q2 2006;Jun 2006;18:00;jazz/blues;1709.1000000000004;879.04
2006;Q3 2006;Sep 2006;16:00;jazz/blues;649.7;332.78000000000003
2006;Q4 2006;Dec 2006;15:00;jazz/blues;69151.83000000031;38580.31999999999
2007;Q1 2007;Jan 2007;18:00;jazz/blues;7920.229999999991;6036.730000000002
2006;Q4 2006;Dec 2006;16:00;jazz/blues;62004.290000000394;33876.96999999997
2006;Q3 2006;Aug 2006;13:00;jazz/blues;6195.489999999997;3066.9399999999996
2007;Q1 2007;Feb 2007;13:00;jazz/blues;9955.22999999999;5858.710000000002
2006;Q4 2006;Dec 2006;23:00;pop/rock;46825.66000000022;24796.94999999997
2006;Q4 2006;Oct 2006;23:00;pop/rock;6200.849999999996;3566.0000000000014
2007;Q1 2007;Jan 2007;22:00;pop/rock;20771.360000000015;12619.320000000003
2007;Q1 2007;Jan 2007;09:00;pop/rock;75793.31000000007;44561.18999999991
2007;Q2 2007;May 2007;21:00;pop/rock;40167.33000000018;23413.720000000012
2007;Q3 2007;Aug 2007;21:00;pop/rock;47231.740000000296;23741.239999999965
2007;Q2 2007;May 2007;14:00;dance;25020.400000000052;14394.439999999999
2007;Q3 2007;Jul 2007;12:00;dance;52914.64000000028;28888.40999999999
2007;Q3 2007;Jul 2007;16:00;dance;73265.6800000002;39811.09999999996
2007;Q1 2007;Mar 2007;13:00;dance;28467.78000000008;14601.209999999992
2007;Q1 2007;Mar 2007;14:00;dance;35953.38000000014;18547.64999999998
2007;Q1 2007;Jan 2007;17:00;dance;46380.300000000265;30383.220000000023
2007;Q3 2007;Jul 2007;15:00;dance;79715.84;42754.78999999997
2007;Q3 2007;Jul 2007;17:00;dance;62791.93000000039;33494.96999999998
2007;Q2 2007;Jun 2007;20:00;dance;13296.69999999998;7231.299999999999
2006;Q4 2006;Dec 2006;14:00;dance;104240.20999999899;58803.27000000003
2006;Q4 2006;Dec 2006;15:00;dance;105008.50999999896;59036.19000000003
2006;Q3 2006;Aug 2006;19:00;dance;16620.099999999977;8319.740000000003
2006;Q4 2006;Nov 2006;10:00;dance;12904.319999999982;7185.1900000000005
2006;Q4 2006;Oct 2006;21:00;dance;2808.400000000001;1493.1799999999998
2006;Q3 2006;Aug 2006;15:00;dance;24418.030000000042;11934.200000000008
2006;Q4 2006;Nov 2006;20:00;dance;7940.109999999992;4437.530000000001
2006;Q4 2006;Nov 2006;19:00;dance;22373.62000000003;12293.03
2006;Q3 2006;Jul 2006;14:00;dance;58913.330000000096;14488.839999999995
2006;Q3 2006;Jul 2006;11:00;dance;47228.28000000005;8589.609999999999
2006;Q2 2006;Jun 2006;12:00;dance;11258.499999999985;6282.009999999999
2006;Q4 2006;Dec 2006;12:00;dance;70714.58000000023;39598.49
2006;Q4 2006;Dec 2006;09:00;dance;5876.299999999997;3292.4600000000005
2006;Q4 2006;Dec 2006;19:00;dance;43526.74000000022;24528.039999999983
2007;Q1 2007;Jan 2007;18:00;dance;31081.88000000011;21932.790000000005
2007;Q1 2007;Jan 2007;11:00;dance;23850.72000000004;15212.669999999996
2007;Q1 2007;Jan 2007;19:00;dance;28340.93000000008;18483.92999999999
2007;Q1 2007;Jan 2007;15:00;dance;52079.34000000032;34389.960000000036
2007;Q1 2007;Jan 2007;10:00;dance;9714.299999999988;6634.69
2007;Q1 2007;Jan 2007;14:00;dance;43071.00000000023;27114.730000000014
2007;Q1 2007;Jan 2007;13:00;dance;30756.440000000108;20667.280000000006
2006;Q2 2006;Jun 2006;16:00;dance;12005.559999999985;6710.849999999998
2006;Q2 2006;Jun 2006;20:00;dance;3538.0000000000014;1862.25
2006;Q4 2006;Oct 2006;20:00;dance;8533.569999999992;4681.750000000002
2006;Q4 2006;Dec 2006;16:00;dance;92880.09999999937;52774.63999999998
2007;Q2 2007;Jun 2007;10:00;dance;19462.74;10699.500000000004
2007;Q2 2007;May 2007;16:00;dance;24023.24000000004;13003.079999999998
2007;Q3 2007;Sep 2007;15:00;dance;62420.91000000043;35499.310000000005
2007;Q2 2007;May 2007;22:00;dance;2023.8000000000006;1036.58
2007;Q1 2007;Feb 2007;17:00;dance;30253.750000000102;18170.98999999998
2007;Q1 2007;Feb 2007;14:00;dance;32747.030000000123;19455.97999999998
2007;Q2 2007;May 2007;18:00;dance;14893.719999999978;8700.169999999998
2007;Q1 2007;Feb 2007;16:00;dance;35831.02000000015;21465.850000000002
2007;Q1 2007;Feb 2007;13:00;dance;24635.20000000005;15240.31999999998
2008;Q1 2008;Jan 2008;11:00;dance;46962.25000000024;24976.80999999998
2007;Q2 2007;Jun 2007;11:00;dance;30840.540000000106;16187.330000000005
2006;Q3 2006;Aug 2006;11:00;klassisk;5146.399999999999;2436.7500000000005
2006;Q3 2006;Sep 2006;11:00;klassisk;929.0999999999999;455.77
2007;Q2 2007;May 2007;16:00;international;3432.940000000001;1863.5800000000004
2007;Q1 2007;Feb 2007;22:00;pop/rock;16624.79999999998;11783.039999999997
2007;Q2 2007;May 2007;22:00;pop/rock;28783.740000000078;16880.44
2008;Q1 2008;Feb 2008;17:00;dance;37087.440000000155;21129.97999999997
2006;Q1 2006;Jan 2006;14:00;dvd/video;3364.4000000000005;198.87
2006;Q1 2006;Jan 2006;10:00;dvd/video;1479.8000000000002;0.0
2008;Q2 2008;Apr 2008;11:00;skandinavisk;11201.799999999987;6263.330000000002
2006;Q3 2006;Aug 2006;14:00;skandinavisk;67767.32000000033;34431.48999999996
2007;Q4 2007;Dec 2007;09:00;pop/rock;315098.81000000105;164761.63000000166
2007;Q3 2007;Aug 2007;08:00;pop/rock;5115.959999999999;2662.7399999999993
2007;Q1 2007;Jan 2007;19:00;skandinavisk;59791.5200000004;40915.82999999996
2008;Q2 2008;Apr 2008;09:00;pop/rock;11698.929999999986;6481.390000000001
2008;Q1 2008;Mar 2008;17:00;budget;130.0;47.25
2007;Q1 2007;Mar 2007;16:00;budget;229.9;81.32
2007;Q3 2007;Aug 2007;00:00;dvd/video;13452.619999999994;6165.169999999999
2007;Q3 2007;Sep 2007;22:00;dvd/video;65389.22000000017;31047.74000000002
2008;Q1 2008;Jan 2008;23:00;dvd/video;5468.859999999999;2728.17
2008;Q1 2008;Feb 2008;06:00;dvd/video;1089.8;601.2500000000001
2007;Q2 2007;Apr 2007;18:00;skandinavisk;33820.220000000125;18925.559999999987
2007;Q1 2007;Mar 2007;17:00;skandinavisk;89353.71999999955;47628.33000000001
2007;Q3 2007;Jul 2007;16:00;skandinavisk;213307.34999999515;112054.74000000152
2006;Q4 2006;Dec 2006;18:00;skandinavisk;781266.6300000667;409920.2000000198
2006;Q3 2006;Jul 2006;14:00;skandinavisk;70141.92000000026;35881.249999999985
2006;Q3 2006;Jul 2006;17:00;skandinavisk;49949.310000000274;25532.47999999998
2006;Q4 2006;Oct 2006;11:00;skandinavisk;184710.45999999586;104239.25999999921
2006;Q4 2006;Oct 2006;14:00;skandinavisk;221058.23999999443;124154.70999999926
2006;Q3 2006;Jul 2006;11:00;skandinavisk;66945.22000000038;34847.46
2006;Q4 2006;Nov 2006;16:00;skandinavisk;387564.22000001103;212319.59000000535
2006;Q3 2006;Jul 2006;19:00;skandinavisk;24470.700000000044;12548.149999999998
2006;Q3 2006;Jul 2006;16:00;skandinavisk;63518.510000000395;33120.21
2006;Q3 2006;Aug 2006;16:00;skandinavisk;53899.840000000295;27709.70000000002
2006;Q4 2006;Oct 2006;09:00;skandinavisk;24376.520000000044;13774.530000000002
2006;Q4 2006;Dec 2006;15:00;skandinavisk;1280540.7499999716;670837.8200000358
2007;Q1 2007;Jan 2007;15:00;skandinavisk;145188.6199999973;89777.66000000028
2006;Q4 2006;Dec 2006;20:00;skandinavisk;333947.28000000387;172275.07999999772
2006;Q2 2006;Jun 2006;17:00;skandinavisk;22657.320000000032;12126.670000000007
2007;Q2 2007;May 2007;13:00;skandinavisk;67817.54000000033;38860.21999999995
2007;Q2 2007;Jun 2007;11:00;skandinavisk;124110.66999999831;64585.97000000038
2007;Q1 2007;Mar 2007;19:00;skandinavisk;57152.64000000034;30409.859999999964
2007;Q1 2007;Feb 2007;10:00;skandinavisk;55776.200000000325;30729.510000000046
2007;Q2 2007;May 2007;12:00;skandinavisk;65808.9600000004;36429.299999999945
2007;Q2 2007;Jun 2007;14:00;skandinavisk;133105.52999999802;71462.92000000052
2007;Q1 2007;Mar 2007;13:00;skandinavisk;137121.42999999784;71992.91000000003
2007;Q1 2007;Jan 2007;18:00;skandinavisk;85819.81999999964;53535.85999999981
2007;Q2 2007;Jun 2007;22:00;pop/rock;51773.560000000274;27961.469999999972
2007;Q2 2007;Apr 2007;15:00;jazz/blues;31653.15000000011;17451.790000000026
2007;Q2 2007;Apr 2007;23:00;jazz/blues;89.92;51.5
2007;Q2 2007;Jun 2007;19:00;skandinavisk;75861.25000000006;40329.96000000004
2007;Q1 2007;Mar 2007;11:00;dance;18340.00999999999;9160.659999999998
2008;Q1 2008;Feb 2008;20:00;pop/rock;111320.85999999881;58549.41999999993
2007;Q4 2007;Oct 2007;23:00;pop/rock;6696.1299999999965;3532.81
2007;Q3 2007;Aug 2007;01:00;dvd/video;10023.499999999995;4134.75
2006;Q4 2006;Nov 2006;18:00;skandinavisk;255109.5799999935;140238.50999999873
2007;Q3 2007;Sep 2007;23:00;dvd/video;21113.820000000025;10301.739999999998
2007;Q3 2007;Aug 2007;14:00;dance;47109.58000000024;25503.06
2007;Q4 2007;Oct 2007;13:00;dance;41182.48000000022;23123.269999999975
2007;Q3 2007;Aug 2007;13:00;dance;42190.510000000206;22570.930000000015
2007;Q4 2007;Oct 2007;15:00;dance;46723.86000000032;25674.789999999975
2008;Q1 2008;Jan 2008;10:00;dance;26671.770000000066;14049.969999999988
2008;Q1 2008;Mar 2008;15:00;dance;29422.020000000106;15944.539999999994
2008;Q1 2008;Feb 2008;15:00;dance;48171.33000000025;27340.979999999952
2008;Q1 2008;Jan 2008;16:00;dance;83029.87999999982;44107.17999999981
2008;Q1 2008;Jan 2008;14:00;dance;87786.03999999967;46662.809999999874
2007;Q4 2007;Oct 2007;19:00;dance;25272.500000000055;14067.180000000002
2007;Q3 2007;Aug 2007;20:00;dance;8699.139999999992;4522.52
2006;Q4 2006;Oct 2006;17:00;dance;37387.65000000016;20846.280000000028
2006;Q3 2006;Jul 2006;16:00;dance;23518.600000000024;11993.179999999993
2006;Q4 2006;Oct 2006;19:00;dance;22276.00000000003;12211.829999999989
2006;Q2 2006;Jun 2006;15:00;dance;11508.139999999987;6324.809999999998
2006;Q2 2006;Jun 2006;17:00;dance;13769.359999999982;7786.629999999998
2007;Q3 2007;Sep 2007;14:00;dance;58749.680000000415;33098.14
2007;Q4 2007;Nov 2007;15:00;dance;46352.66000000034;25055.680000000048
2007;Q3 2007;Aug 2007;17:00;dance;41109.43000000019;22228.09
2007;Q4 2007;Dec 2007;11:00;dance;227504.09999999462;122259.33000000015
2007;Q3 2007;Aug 2007;16:00;dance;41946.1700000002;22478.890000000007
2007;Q3 2007;Sep 2007;16:00;dance;52740.60000000036;29556.60000000001
2007;Q3 2007;Aug 2007;12:00;dance;34097.17000000013;18795.620000000003
2007;Q4 2007;Oct 2007;14:00;dance;43539.70000000026;23660.429999999982
2007;Q4 2007;Dec 2007;17:00;dance;263852.39999999333;141459.97000000003
2008;Q1 2008;Jan 2008;17:00;dance;74537.13000000008;39545.37999999983
2008;Q1 2008;Feb 2008;19:00;dance;20983.860000000015;12040.230000000005
2007;Q4 2007;Dec 2007;16:00;dance;295821.47999999754;157885.56000000145
2007;Q3 2007;Sep 2007;11:00;dance;30324.740000000107;17089.060000000005
2007;Q3 2007;Sep 2007;17:00;dance;50712.370000000294;28733.120000000003
2007;Q2 2007;May 2007;11:00;dance;13462.03999999998;7793.750000000001
2007;Q4 2007;Dec 2007;18:00;dance;213781.21999999517;115147.50999999882
2007;Q4 2007;Nov 2007;19:00;dance;28970.65000000012;15388.379999999976
2007;Q3 2007;Aug 2007;09:00;dance;3387.6000000000013;1759.02
2007;Q3 2007;Aug 2007;22:00;dance;2298.3000000000006;1248.8600000000001
2007;Q4 2007;Dec 2007;10:00;dance;136332.43999999788;73315.52000000032
2007;Q4 2007;Dec 2007;12:00;dance;251736.9099999935;134522.96000000037
2007;Q1 2007;Feb 2007;12:00;dance;20217.60000000001;11718.709999999992
2007;Q1 2007;Jan 2007;23:00;pop/rock;3289.2000000000007;3650.9400000000005
2008;Q1 2008;Jan 2008;21:00;pop/rock;19449.599999999995;10077.84000000001
2006;Q4 2006;Nov 2006;22:00;pop/rock;37086.250000000146;18137.919999999995
2006;Q3 2006;Jul 2006;23:00;pop/rock;8035.899999999992;4397.539999999999
2007;Q2 2007;Jun 2007;08:00;pop/rock;7823.819999999993;4030.0800000000013
2007;Q1 2007;Jan 2007;11:00;skandinavisk;115325.93999999847;68192.68999999967
2007;Q3 2007;Sep 2007;07:00;dvd/video;5158.599999999999;2516.5600000000004
2007;Q3 2007;Aug 2007;03:00;dvd/video;7728.199999999995;2985.2799999999997
2008;Q1 2008;Feb 2008;09:00;dance;4467.000000000001;2887.1
2007;Q1 2007;Mar 2007;10:00;skandinavisk;67870.73000000035;34677.03999999994
2007;Q1 2007;Feb 2007;14:00;skandinavisk;116891.87999999858;66656.03999999995
2007;Q1 2007;Mar 2007;08:00;pop/rock;5487.999999999998;2884.030000000001
2006;Q3 2006;Aug 2006;00:00;pop/rock;10990.909999999987;4877.189999999997
2007;Q1 2007;Feb 2007;08:00;pop/rock;3318.6000000000013;1712.3899999999999
2006;Q2 2006;Jun 2006;23:00;pop/rock;11163.919999999987;6534.779999999999
2007;Q3 2007;Aug 2007;00:00;pop/rock;5140.74;2644.8100000000013
2007;Q2 2007;May 2007;23:00;dvd/video;6903.799999999997;3304.8500000000004
2006;Q3 2006;Aug 2006;18:00;skandinavisk;40158.00000000018;20758.600000000002
2006;Q3 2006;Jul 2006;13:00;skandinavisk;92682.22999999944;44927.62999999994
2007;Q1 2007;Jan 2007;15:00;merchandise;243992.32999999553;129253.87000000026
2007;Q1 2007;Jan 2007;16:00;merchandise;196828.51999999673;102221.22999999991
2007;Q1 2007;Jan 2007;18:00;merchandise;159848.25999999818;88346.9999999998
2007;Q4 2007;Oct 2007;16:00;merchandise;173081.22999999783;89768.98
2007;Q4 2007;Oct 2007;17:00;merchandise;143526.98999999862;71884.05999999991
2007;Q4 2007;Oct 2007;19:00;merchandise;77521.93000000023;39381.62999999984
2007;Q4 2007;Dec 2007;19:00;merchandise;239058.42999999775;125459.78999999983
2008;Q1 2008;Jan 2008;18:00;merchandise;165567.3499999992;93806.9099999998
2007;Q4 2007;Dec 2007;15:00;merchandise;475667.68000000884;240890.27000000252
2007;Q4 2007;Dec 2007;17:00;merchandise;389109.63;200474.3200000002
2007;Q4 2007;Dec 2007;18:00;merchandise;295451.62999999727;151420.4899999998
2007;Q4 2007;Nov 2007;16:00;merchandise;196739.87999999718;101039.46999999942
2007;Q4 2007;Nov 2007;17:00;merchandise;158614.25999999838;81479.76999999955
2007;Q4 2007;Nov 2007;13:00;merchandise;142429.83999999875;74157.25999999995
2007;Q4 2007;Dec 2007;13:00;merchandise;396319.5300000019;203094.39999999967
2007;Q4 2007;Nov 2007;19:00;merchandise;93798.90999999986;47444.38999999997
2007;Q4 2007;Dec 2007;11:00;merchandise;267532.3799999963;134150.00999999992
2007;Q4 2007;Dec 2007;16:00;merchandise;454663.6900000063;234811.29999999944
2007;Q4 2007;Dec 2007;14:00;merchandise;499648.71000000986;253565.1399999991
2007;Q4 2007;Nov 2007;18:00;merchandise;126231.46999999972;65245.32999999998
2007;Q1 2007;Feb 2007;17:00;merchandise;133652.0699999985;70646.90999999987
2007;Q1 2007;Jan 2007;12:00;merchandise;130805.20999999835;67894.82999999989
2007;Q2 2007;May 2007;16:00;merchandise;136777.64999999834;81666.20999999966
2006;Q4 2006;Dec 2006;12:00;merchandise;325983.57000000216;166797.41999999902
2006;Q3 2006;Jul 2006;15:00;merchandise;227794.959999996;127833.23999999318
2006;Q3 2006;Jul 2006;16:00;merchandise;219286.58999999653;122429.77999999386
2006;Q4 2006;Dec 2006;15:00;merchandise;440229.28000002063;228774.11000000473
2006;Q4 2006;Dec 2006;16:00;merchandise;414535.61000001826;214908.42000000345
2006;Q4 2006;Dec 2006;17:00;merchandise;343060.39000000444;182334.78999999867
2006;Q4 2006;Dec 2006;19:00;merchandise;194145.75999999675;98757.44999999963
2006;Q4 2006;Dec 2006;13:00;merchandise;387094.5300000145;200473.70000000266
2006;Q4 2006;Dec 2006;20:00;merchandise;127695.31999999894;70291.9899999998
2006;Q3 2006;Jul 2006;13:00;merchandise;209771.15999999654;115961.47999999273
2006;Q4 2006;Dec 2006;14:00;merchandise;424162.0700000193;218423.75000000355
2006;Q4 2006;Dec 2006;18:00;merchandise;261405.7499999947;132917.58999999982
2006;Q4 2006;Dec 2006;11:00;merchandise;240180.0099999951;121441.05000000005
2006;Q3 2006;Jul 2006;20:00;merchandise;44418.65000000027;25583.590000000266
2006;Q3 2006;Aug 2006;13:00;merchandise;163515.90999999753;83647.16999999645
2006;Q3 2006;Aug 2006;18:00;merchandise;112516.3799999984;57728.80000000119
2006;Q3 2006;Jul 2006;12:00;merchandise;168259.779999997;93898.45999999494
2006;Q2 2006;Jun 2006;18:00;merchandise;90827.66999999934;52476.18000000062
2006;Q2 2006;Jun 2006;19:00;merchandise;64262.960000000254;38524.68000000047
2006;Q3 2006;Jul 2006;17:00;merchandise;190894.9199999974;108086.22999999393
2006;Q3 2006;Jul 2006;14:00;merchandise;207467.0999999963;111339.71999999305
2006;Q3 2006;Jul 2006;11:00;merchandise;107196.40999999797;56947.83000000055
2006;Q3 2006;Jul 2006;18:00;merchandise;128281.2099999981;71046.83000000077
2006;Q4 2006;Dec 2006;10:00;merchandise;150151.6899999983;76817.46999999975
2006;Q2 2006;Jun 2006;17:00;merchandise;98700.83999999976;56561.720000000656
2007;Q1 2007;Jan 2007;14:00;merchandise;233852.75999999623;126931.12000000004
2007;Q1 2007;Jan 2007;19:00;merchandise;103943.4099999992;55146.499999999854
2006;Q4 2006;Nov 2006;15:00;merchandise;158767.39999999804;84619.66999999832
2006;Q2 2006;Jun 2006;14:00;merchandise;133385.32999999917;80604.61999999946
2006;Q2 2006;Jun 2006;15:00;merchandise;110562.08999999915;62190.62000000061
2007;Q4 2007;Oct 2007;15:00;merchandise;165653.16999999774;83203.1499999999
2007;Q4 2007;Nov 2007;12:00;merchandise;101248.25999999946;50193.17000000008
2007;Q4 2007;Nov 2007;14:00;merchandise;172560.52999999764;90824.15999999958
2007;Q4 2007;Nov 2007;11:00;merchandise;100681.36999999975;52859.03000000002
2006;Q3 2006;Aug 2006;16:00;merchandise;147424.0199999974;78162.57000000149
2007;Q4 2007;Oct 2007;11:00;merchandise;92255.54999999993;47651.4299999999
2007;Q4 2007;Oct 2007;12:00;merchandise;103775.23999999944;52995.670000000006
2007;Q4 2007;Nov 2007;15:00;merchandise;195779.8699999971;101306.81999999982
2007;Q4 2007;Oct 2007;18:00;merchandise;109302.4599999993;57122.41999999987
2007;Q4 2007;Dec 2007;10:00;merchandise;174863.9399999983;88027.2800000002
2007;Q4 2007;Dec 2007;12:00;merchandise;332188.9499999988;167179.41999999998
2007;Q3 2007;Sep 2007;14:00;merchandise;165253.19999999818;89194.69999999995
2007;Q3 2007;Sep 2007;17:00;merchandise;144677.6199999987;76148.16999999998
2007;Q2 2007;Jun 2007;15:00;merchandise;130612.34999999829;67230.35999999956
2007;Q1 2007;Feb 2007;12:00;merchandise;93195.82999999955;49904.39999999988
2008;Q1 2008;Mar 2008;18:00;merchandise;85802.85999999988;44268.12999999986
2007;Q3 2007;Jul 2007;21:00;merchandise;12197.659999999987;6102.100000000003
2007;Q3 2007;Sep 2007;16:00;merchandise;150790.99999999793;77239.53999999998
2007;Q2 2007;Jun 2007;14:00;merchandise;162388.38999999795;83954.88999999942
2007;Q1 2007;Mar 2007;14:00;merchandise;153053.97999999768;77704.58999999976
2006;Q3 2006;Aug 2006;04:00;pop/rock;1379.4;0.0
2007;Q2 2007;May 2007;03:00;pop/rock;1609.4000000000003;0.0
2006;Q4 2006;Dec 2006;18:00;dance;65330.42000000043;37034.959999999985
2006;Q3 2006;Jul 2006;19:00;dance;13242.199999999983;6645.010000000001
2007;Q4 2007;Oct 2007;16:00;budget;80.0;120.27000000000001
2008;Q1 2008;Mar 2008;12:00;budget;139.9;79.53
2008;Q1 2008;Jan 2008;15:00;budget;164.0;212.35000000000002
2006;Q4 2006;Dec 2006;12:00;budget;50.0;30.4
2006;Q2 2006;Jun 2006;16:00;budget;60.0;120.9
2006;Q3 2006;Jul 2006;12:00;budget;140.0;208.42000000000002
2006;Q3 2006;Jul 2006;16:00;budget;149.9;56.15
2007;Q1 2007;Jan 2007;15:00;budget;265.0;190.25
2007;Q2 2007;May 2007;15:00;budget;150.0;185.32999999999998
2007;Q2 2007;May 2007;17:00;budget;118.75;139.81
2007;Q2 2007;May 2007;16:00;budget;249.8;118.57
2007;Q1 2007;Mar 2007;18:00;budget;369.70000000000005;197.52
2007;Q1 2007;Feb 2007;11:00;budget;265.0;224.6
2007;Q2 2007;May 2007;14:00;budget;130.0;146.49
2007;Q2 2007;Apr 2007;17:00;budget;70.0;123.05000000000001
2007;Q2 2007;Jun 2007;16:00;international;2138.5000000000005;1056.2199999999998
2008;Q1 2008;Feb 2008;08:00;pop/rock;12590.839999999984;6829.9900000000025
2007;Q3 2007;Jul 2007;00:00;pop/rock;2533.250000000001;1070.02
2007;Q3 2007;Sep 2007;07:00;pop/rock;5435.899999999999;2905.029999999999
2007;Q3 2007;Jul 2007;08:00;pop/rock;3786.6000000000017;1908.3700000000003
2007;Q1 2007;Jan 2007;05:00;pop/rock;1069.4;594.6300000000001
2007;Q2 2007;May 2007;08:00;pop/rock;8191.929999999994;4304.92
2007;Q3 2007;Jul 2007;04:00;dvd/video;2739.0000000000005;1082.4299999999998
2008;Q1 2008;Feb 2008;07:00;dvd/video;5198.599999999999;2427.9799999999996
2007;Q3 2007;Jul 2007;01:00;dvd/video;4769.299999999999;2206.43
2007;Q4 2007;Dec 2007;08:00;dvd/video;11439.589999999995;6042.39
2008;Q2 2008;Apr 2008;09:00;dvd/video;17911.819999999992;8902.78
2007;Q2 2007;Apr 2007;14:00;skandinavisk;59232.23000000035;31795.599999999977
2007;Q3 2007;Jul 2007;01:00;pop/rock;2348.6000000000004;1275.28
2007;Q4 2007;Nov 2007;16:00;dance;40768.07000000019;21914.770000000026
2007;Q1 2007;Mar 2007;12:00;blancs;92100.10999999997;61576.92000000001
2006;Q4 2006;Dec 2006;21:00;blancs;17060.42;11135.3
2007;Q2 2007;Apr 2007;11:00;blancs;25045.219999999987;15097.31
2007;Q2 2007;Apr 2007;13:00;blancs;90211.27999999997;59097.170000000006
2008;Q1 2008;Jan 2008;17:00;blancs;125959.88999999988;86321.02999999998
2008;Q2 2008;Apr 2008;10:00;blancs;3588.9;2356.91
2007;Q1 2007;Jan 2007;13:00;blancs;41645.480000000025;23323.289999999997
2007;Q3 2007;Jul 2007;11:00;blancs;49309.32;33926.920000000006
2006;Q4 2006;Oct 2006;14:00;blancs;19237.88999999996;8408.060000000009
2006;Q4 2006;Nov 2006;20:00;blancs;7440.9000000000015;3055.6799999999994
2006;Q3 2006;Jul 2006;12:00;blancs;11357.199999999979;4630.550000000003
2007;Q1 2007;Jan 2007;16:00;blancs;45408.62000000004;24895.06000000001
2006;Q4 2006;Dec 2006;13:00;blancs;84616.41000000006;49253.32000000008
2006;Q3 2006;Jul 2006;13:00;blancs;15152.399999999967;6154.270000000007
2006;Q4 2006;Nov 2006;12:00;blancs;33310.199999999975;18231.450000000008
2006;Q3 2006;Jul 2006;16:00;blancs;15232.399999999963;6062.500000000007
2006;Q4 2006;Nov 2006;19:00;blancs;11648.059999999992;5705.709999999998
2006;Q4 2006;Nov 2006;15:00;blancs;29760.64;14714.90000000001
2006;Q3 2006;Aug 2006;17:00;blancs;17020.15999999997;6982.800000000003
2006;Q4 2006;Oct 2006;16:00;blancs;13159.039999999968;5385.170000000008
2006;Q2 2006;Jun 2006;12:00;blancs;8452.71999999999;3457.9800000000014
2006;Q3 2006;Sep 2006;15:00;blancs;4025.9800000000023;1704.5400000000009
2006;Q3 2006;Aug 2006;15:00;blancs;18048.15999999997;7172.920000000009
2006;Q4 2006;Oct 2006;18:00;blancs;11957.299999999983;5507.420000000004
2006;Q3 2006;Jul 2006;15:00;blancs;16733.189999999962;6870.030000000009
2006;Q4 2006;Nov 2006;17:00;blancs;27487.83999999999;13792.930000000013
2006;Q2 2006;Jun 2006;16:00;blancs;9274.239999999987;3862.2900000000027
2007;Q4 2007;Oct 2007;13:00;blancs;100763.59999999993;70045.87000000002
2006;Q4 2006;Dec 2006;15:00;blancs;108786.96000000006;64553.01000000009
2006;Q3 2006;Jul 2006;09:00;blancs;1687.8000000000006;565.75
2006;Q4 2006;Dec 2006;18:00;blancs;82742.01000000001;50266.480000000054
2006;Q3 2006;Jul 2006;17:00;blancs;14326.539999999968;5638.310000000007
2007;Q1 2007;Jan 2007;12:00;blancs;30094.699999999986;17136.280000000006
2007;Q4 2007;Dec 2007;11:00;blancs;177277.9699999998;123330.54999999999
2007;Q1 2007;Feb 2007;17:00;blancs;30050.59000000002;14991.599999999995
2007;Q1 2007;Mar 2007;10:00;blancs;153028.50999999992;106031.44999999995
2007;Q2 2007;May 2007;13:00;blancs;27599.039999999983;15593.859999999993
2007;Q4 2007;Dec 2007;13:00;blancs;316322.8600000003;217780.11999999985
2007;Q1 2007;Feb 2007;14:00;blancs;33249.46;17887.12
2007;Q2 2007;Jun 2007;15:00;blancs;59849.37999999999;37792.15000000001
2007;Q2 2007;Jun 2007;17:00;budget;75.0;47.61
2007;Q2 2007;Jun 2007;14:00;budget;105.0;55.900000000000006
2007;Q3 2007;Sep 2007;10:00;budget;50.0;30.4
2007;Q3 2007;Jul 2007;17:00;budget;69.9;30.4
2007;Q1 2007;Jan 2007;18:00;budget;80.0;116.53999999999999
2006;Q3 2006;Jul 2006;11:00;budget;35.0;30.4
2007;Q1 2007;Feb 2007;15:00;budget;260.0;381.94
2008;Q1 2008;Feb 2008;22:00;pop/rock;13954.309999999981;7308.530000000003
2008;Q1 2008;Feb 2008;23:00;pop/rock;1992.0000000000005;982.0600000000001
2006;Q3 2006;Jul 2006;17:00;dance;21207.54000000001;10609.929999999998
2006;Q4 2006;Nov 2006;16:00;dance;41559.3500000002;22524.020000000004
2006;Q3 2006;Sep 2006;16:00;dance;7020.899999999995;3600.9400000000023
2007;Q2 2007;Jun 2007;15:00;dance;54840.25000000031;29393.49
2007;Q2 2007;Apr 2007;19:00;dance;15470.499999999976;8056.73
2007;Q2 2007;May 2007;17:00;games;327854.14000000095;179380.27999999808
2007;Q2 2007;Jun 2007;15:00;games;441309.77000000793;241681.92999999697
2007;Q3 2007;Jul 2007;17:00;games;515208.7300000104;276576.06999999756
2007;Q1 2007;Jan 2007;16:00;games;709638.9200000225;384940.25999999716
2007;Q1 2007;Jan 2007;14:00;games;703763.120000023;386252.8499999959
2007;Q4 2007;Dec 2007;12:00;games;2006095.0899998492;1079971.4799999995
2007;Q4 2007;Oct 2007;15:00;games;726089.0600000216;397754.769999994
2007;Q2 2007;Jun 2007;17:00;games;383443.2300000049;210372.53999999826
2007;Q2 2007;Jun 2007;16:00;games;414577.1300000065;226418.40999999706
2007;Q2 2007;Jun 2007;13:00;games;426168.0100000071;230498.0299999968
2007;Q4 2007;Dec 2007;14:00;games;2443047.649999761;1316843.1700000165
2007;Q4 2007;Dec 2007;15:00;games;2415979.1399997673;1306287.2800000142
2007;Q4 2007;Dec 2007;17:00;games;1869450.6899998789;1015072.689999992
2007;Q2 2007;May 2007;11:00;games;199645.60999999847;106188.95000000039
2007;Q4 2007;Dec 2007;11:00;games;1602126.0499999267;865349.7299999926
2008;Q1 2008;Mar 2008;15:00;games;528666.2300000123;277332.35000000143
2007;Q4 2007;Dec 2007;18:00;games;1393009.3999999827;753785.8099999839
2008;Q1 2008;Mar 2008;16:00;games;473181.8900000095;244991.91000000056
2008;Q1 2008;Mar 2008;14:00;games;548712.6400000141;284072.22000000183
2007;Q1 2007;Mar 2007;17:00;games;596344.9000000134;324475.879999996
2007;Q1 2007;Mar 2007;15:00;games;665499.1600000149;369189.1099999944
2008;Q1 2008;Mar 2008;19:00;games;207825.11999999828;109255.27999999994
2007;Q2 2007;Apr 2007;15:00;games;467793.2300000081;249115.5699999983
2007;Q3 2007;Jul 2007;14:00;games;701853.1700000204;378281.9899999932
2007;Q2 2007;Apr 2007;11:00;games;305770.94999999925;161812.10999999847
2007;Q2 2007;Apr 2007;17:00;games;398868.19000000437;213650.7699999983
2007;Q2 2007;Apr 2007;16:00;games;415575.10000000556;224555.97999999803
2007;Q2 2007;Apr 2007;14:00;games;494779.01000000973;264825.09999999806
2007;Q1 2007;Feb 2007;15:00;games;561188.6400000119;305805.36000000004
2008;Q1 2008;Mar 2008;17:00;games;459217.46000000834;242946.8100000003
2007;Q4 2007;Oct 2007;14:00;games;708636.3000000212;389804.74999999464
2007;Q3 2007;Sep 2007;14:00;games;529564.0700000115;289590.769999997
2007;Q3 2007;Jul 2007;12:00;games;472391.81000000867;252432.56999999733
2007;Q2 2007;Apr 2007;10:00;games;158798.86999999915;86371.83000000041
2007;Q1 2007;Feb 2007;18:00;games;355567.99000000296;193522.9000000007
2008;Q1 2008;Mar 2008;11:00;games;363508.70000000315;189258.86000000004
2008;Q1 2008;Mar 2008;13:00;games;514023.8400000118;265700.670000001
2007;Q1 2007;Mar 2007;10:00;games;203052.68999999852;112638.05999999937
2007;Q1 2007;Mar 2007;22:00;games;12945.629999999997;8140.530000000001
2007;Q3 2007;Aug 2007;13:00;games;513034.5800000107;279611.37999999797
2007;Q3 2007;Aug 2007;18:00;games;366600.55000000255;199871.90999999878
2007;Q1 2007;Jan 2007;18:00;games;506782.9200000104;277624.52999999817
2007;Q1 2007;Mar 2007;14:00;games;617036.3800000142;338725.20999999257
2008;Q1 2008;Jan 2008;19:00;games;391315.8000000042;208234.12000000072
2008;Q1 2008;Jan 2008;18:00;games;569802.4200000133;307606.4900000004
2007;Q4 2007;Dec 2007;19:00;games;1062914.2200000356;580946.4499999847
2008;Q1 2008;Jan 2008;14:00;games;765185.060000025;403123.439999999
2007;Q4 2007;Nov 2007;17:00;games;728319.9300000225;395660.789999996
2008;Q1 2008;Jan 2008;16:00;games;803785.360000026;428789.6499999977
2007;Q4 2007;Nov 2007;11:00;games;481764.3100000091;262393.64000000013
2008;Q1 2008;Jan 2008;17:00;games;722523.9800000214;382425.41999999946
2008;Q1 2008;Jan 2008;20:00;games;98606.06999999977;52006.63999999997
2008;Q1 2008;Jan 2008;12:00;games;555610.7400000131;296295.0500000004
2008;Q1 2008;Jan 2008;09:00;games;26532.940000000017;14222.150000000001
2008;Q1 2008;Feb 2008;19:00;games;282267.4599999985;144705.70999999996
2008;Q1 2008;Jan 2008;22:00;games;10428.199999999997;6081.629999999998
2007;Q4 2007;Dec 2007;16:00;games;2226715.2199997995;1217771.7400000112
2007;Q4 2007;Dec 2007;23:00;games;11507.699999999995;6050.01
2007;Q4 2007;Nov 2007;15:00;games;801474.7900000255;432422.7999999943
2007;Q4 2007;Dec 2007;20:00;games;535133.3500000108;297544.4200000004
2008;Q1 2008;Feb 2008;13:00;games;506989.37000001105;257251.4300000015
2008;Q1 2008;Jan 2008;15:00;games;837546.9700000294;450862.0199999978
2008;Q1 2008;Feb 2008;18:00;games;360564.12000000256;183193.76000000126
2008;Q1 2008;Mar 2008;18:00;games;309716.4800000003;161256.56999999977
2008;Q2 2008;Apr 2008;12:00;games;68271.60000000012;36530.319999999956
2008;Q2 2008;Apr 2008;11:00;games;41949.82000000008;22700.059999999994
2008;Q1 2008;Feb 2008;10:00;games;154535.05999999892;78758.49999999972
2008;Q2 2008;Apr 2008;15:00;games;76194.04000000001;40788.08000000001
2008;Q1 2008;Feb 2008;16:00;games;497015.5500000109;252542.46000000119
2008;Q1 2008;Feb 2008;14:00;games;576288.5800000153;296480.520000002
2008;Q1 2008;Jan 2008;11:00;games;362088.8100000029;188506.24000000066
2008;Q1 2008;Jan 2008;13:00;games;655960.1300000185;348540.5100000009
2008;Q1 2008;Mar 2008;12:00;games;467704.3100000089;243054.36000000045
2008;Q1 2008;Feb 2008;11:00;games;312633.74999999994;158209.21000000075
2008;Q1 2008;Feb 2008;15:00;games;578257.1100000147;296436.50000000227
2008;Q1 2008;Feb 2008;12:00;games;416942.34000000614;203769.82000000152
2008;Q2 2008;Apr 2008;10:00;games;18679.219999999994;10008.079999999998
2007;Q3 2007;Sep 2007;12:00;games;373780.2000000037;203517.18999999878
2007;Q3 2007;Sep 2007;19:00;games;252761.71999999773;139414.16000000003
2007;Q3 2007;Sep 2007;17:00;games;484657.3700000086;269524.83999999805
2007;Q4 2007;Nov 2007;14:00;games;801867.5300000265;432760.21999999386
2007;Q4 2007;Dec 2007;13:00;games;2224490.9499998;1203059.2900000173
2007;Q2 2007;Jun 2007;11:00;games;246743.76999999775;131550.3200000009
2007;Q2 2007;Jun 2007;18:00;games;332320.3300000025;183445.45999999854
2007;Q1 2007;Feb 2007;12:00;games;379734.97000000277;207021.44000000082
2007;Q2 2007;Jun 2007;14:00;games;468966.6100000093;256833.27999999723
2007;Q2 2007;Jun 2007;19:00;games;265385.3699999978;146214.80999999968
2007;Q3 2007;Jul 2007;22:00;games;20137.920000000002;10331.230000000003
2007;Q3 2007;Jul 2007;16:00;games;635860.7300000178;339431.4999999951
2007;Q2 2007;Apr 2007;12:00;games;392087.1400000044;211579.16999999835
2007;Q2 2007;Apr 2007;13:00;games;462840.6500000075;248562.8099999982
2007;Q1 2007;Feb 2007;11:00;games;264682.9599999979;146123.57000000056
2007;Q1 2007;Mar 2007;16:00;games;633106.9400000143;351043.7499999932
2007;Q2 2007;Apr 2007;20:00;games;83297.55999999997;43765.01999999993
2007;Q2 2007;Apr 2007;21:00;games;12826.909999999996;7009.2000000000035
2007;Q1 2007;Mar 2007;13:00;games;572995.7000000128;309719.3199999976
2007;Q1 2007;Mar 2007;11:00;games;360273.1500000034;200009.42000000068
2007;Q3 2007;Jul 2007;15:00;games;675545.8600000195;361725.1399999953
2007;Q3 2007;Aug 2007;16:00;games;506344.21000000986;278182.239999998
2007;Q3 2007;Aug 2007;14:00;games;557126.9400000126;304986.82999999856
2007;Q3 2007;Aug 2007;15:00;games;534006.1600000114;292426.8799999988
2007;Q3 2007;Aug 2007;17:00;games;430592.92000000656;234335.7699999989
2007;Q1 2007;Jan 2007;13:00;games;624369.6600000177;338306.2299999965
2007;Q1 2007;Jan 2007;19:00;games;345838.2600000018;187567.66000000056
2007;Q1 2007;Jan 2007;15:00;games;726830.8300000259;400003.2699999943
2007;Q1 2007;Jan 2007;10:00;games;219087.69999999768;121487.2400000009
2007;Q3 2007;Aug 2007;19:00;games;303995.94000000024;169002.94999999984
2007;Q3 2007;Sep 2007;16:00;games;505165.0600000103;278301.4599999975
2007;Q3 2007;Jul 2007;11:00;games;314104.36000000004;167025.90000000005
2007;Q2 2007;Jun 2007;10:00;games;134406.87999999922;69533.63999999998
2007;Q3 2007;Jul 2007;10:00;games;160163.05999999892;85832.78000000028
2007;Q3 2007;Jul 2007;19:00;games;313518.85;171556.09999999998
2007;Q2 2007;Apr 2007;19:00;games;211115.97999999847;115222.13999999996
2007;Q2 2007;Apr 2007;18:00;games;302274.6899999994;164855.53999999867
2007;Q2 2007;May 2007;15:00;games;386661.2600000037;211531.20999999813
2007;Q4 2007;Nov 2007;18:00;games;595786.9200000147;325879.7899999967
2006;Q4 2006;Dec 2006;21:00;games;206398.22999999856;115193.32000000004
2006;Q4 2006;Dec 2006;10:00;games;1072868.40000002;596822.7400000021
2006;Q4 2006;Dec 2006;19:00;games;935694.3600000318;520342.62000000145
2006;Q4 2006;Dec 2006;12:00;games;1732600.739999915;964768.189999986
2006;Q4 2006;Dec 2006;15:00;games;2022235.2399998442;1119486.8899999883
2006;Q4 2006;Dec 2006;13:00;games;1948949.2499998645;1084251.209999981
2006;Q4 2006;Dec 2006;16:00;games;1845103.7299998833;1022857.349999982
2006;Q4 2006;Dec 2006;17:00;games;1673546.3799999284;937514.6099999942
2006;Q4 2006;Dec 2006;18:00;games;1299702.9000000006;722371.5599999921
2006;Q4 2006;Dec 2006;22:00;games;61902.91000000013;31306.239999999994
2006;Q4 2006;Dec 2006;14:00;games;2107696.46999983;1169432.7099999855
2006;Q4 2006;Nov 2006;16:00;games;634295.5200000163;342714.209999999
2006;Q4 2006;Nov 2006;12:00;games;515505.89000001125;283773.55999999976
2006;Q4 2006;Nov 2006;19:00;games;346860.0300000018;191298.36999999988
2006;Q4 2006;Nov 2006;15:00;games;661678.0500000172;360357.84000000096
2006;Q4 2006;Dec 2006;09:00;games;470014.9199999991;281189.81999999983
2006;Q4 2006;Dec 2006;11:00;games;1476320.299999982;832071.8899999916
2006;Q4 2006;Nov 2006;11:00;games;396550.59000000474;219132.77000000043
2006;Q4 2006;Nov 2006;17:00;games;610716.1600000142;337308.51000000024
2006;Q4 2006;Nov 2006;18:00;games;433285.56000000593;236515.5500000004
2006;Q4 2006;Nov 2006;14:00;games;654655.4500000166;358667.7000000012
2006;Q4 2006;Nov 2006;13:00;games;629814.1100000158;342910.1400000004
2006;Q3 2006;Sep 2006;15:00;games;59437.150000000154;30922.859999999975
2006;Q4 2006;Dec 2006;23:00;games;19956.0;10518.750000000002
2006;Q4 2006;Dec 2006;20:00;games;492854.1900000081;274776.1099999994
2007;Q1 2007;Jan 2007;11:00;games;377631.87000000564;203885.46000000142
2007;Q1 2007;Jan 2007;17:00;games;654428.5900000184;361392.5099999971
2007;Q1 2007;Jan 2007;20:00;games;109045.79999999965;60683.960000000014
2007;Q1 2007;Jan 2007;12:00;games;479069.38000001025;259802.16000000061
2007;Q1 2007;Jan 2007;09:00;games;127760.14999999928;76488.34000000027
2006;Q4 2006;Nov 2006;10:00;games;220341.47999999824;121945.23999999999
2008;Q1 2008;Feb 2008;17:00;games;511788.32000001136;262400.4300000013
2007;Q4 2007;Nov 2007;16:00;games;767596.7400000249;415890.28999999526
2007;Q4 2007;Oct 2007;12:00;games;511017.98000001017;281506.00999999733
2007;Q4 2007;Nov 2007;12:00;games;598985.4200000151;323908.24999999726
2007;Q1 2007;Feb 2007;19:00;games;237174.56999999788;125797.97000000018
2007;Q1 2007;Feb 2007;14:00;games;471463.30000000756;253518.2600000012
2007;Q1 2007;Mar 2007;18:00;games;446307.300000008;243771.51000000013
2007;Q1 2007;Mar 2007;19:00;games;337753.0700000027;189584.76000000047
2007;Q2 2007;May 2007;16:00;games;357126.7900000027;192715.90999999817
2007;Q2 2007;May 2007;18:00;games;271652.0699999981;149371.83999999962
2007;Q2 2007;May 2007;13:00;games;322051.14000000077;173478.39999999906
2007;Q2 2007;May 2007;19:00;games;212161.89999999828;113830.73000000017
2007;Q1 2007;Feb 2007;16:00;games;483226.13000000676;263319.6800000006
2007;Q1 2007;Feb 2007;17:00;games;454874.8200000055;250275.4600000006
2007;Q3 2007;Sep 2007;15:00;games;547794.3800000122;303625.5799999973
2007;Q3 2007;Jul 2007;13:00;games;628261.3200000178;331219.9499999952
2007;Q3 2007;Jul 2007;09:00;games;28139.10000000003;15250.560000000003
2007;Q3 2007;Jul 2007;18:00;games;379481.68000000366;201836.47999999908
2007;Q4 2007;Oct 2007;16:00;games;711472.6400000214;388903.8599999935
2007;Q4 2007;Dec 2007;10:00;games;954586.5100000323;517237.99999999435
2007;Q2 2007;Jun 2007;12:00;games;339101.1600000024;175213.69999999876
2007;Q4 2007;Nov 2007;13:00;games;709615.7800000214;383143.71999999526
2007;Q3 2007;Aug 2007;20:00;games;78050.33999999998;44367.46999999997
2007;Q2 2007;May 2007;14:00;games;386612.2300000038;211045.6399999983
2007;Q4 2007;Oct 2007;18:00;games;475369.46000000834;260782.68999999764
2007;Q4 2007;Oct 2007;10:00;games;209204.73999999842;116463.4800000004
2008;Q2 2008;Apr 2008;19:00;games;49503.12000000012;26381.359999999982
2007;Q1 2007;Feb 2007;10:00;games;159590.48999999915;88007.0799999999
2007;Q1 2007;Feb 2007;20:00;games;82345.80999999987;46222.85000000002
2007;Q1 2007;Feb 2007;13:00;games;479594.91000000574;263758.59000000067
2007;Q3 2007;Sep 2007;18:00;games;362378.0400000032;198550.37999999904
2007;Q1 2007;Feb 2007;21:00;games;19852.100000000002;11660.76
2007;Q2 2007;May 2007;12:00;games;278862.6799999983;152763.1799999995
2007;Q1 2007;Mar 2007;12:00;games;471899.4000000085;258285.2100000003
2007;Q4 2007;Nov 2007;20:00;games;120805.53999999943;65737.69000000002
2007;Q4 2007;Nov 2007;19:00;games;390748.9800000045;215286.09000000058
2007;Q3 2007;Aug 2007;11:00;games;291428.18999999925;158203.07999999987
2007;Q3 2007;Aug 2007;12:00;games;424302.36000000587;233099.46999999924
2007;Q2 2007;May 2007;10:00;games;117458.10999999942;64045.79999999996
2007;Q3 2007;Aug 2007;10:00;games;160189.49999999886;89358.8200000002
2007;Q3 2007;Sep 2007;16:00;international;18158.599999999988;8728.049999999994
2007;Q2 2007;Jun 2007;13:00;international;3126.110000000001;1746.6400000000003
2007;Q3 2007;Sep 2007;17:00;international;15727.519999999975;7417.119999999994
2007;Q4 2007;Oct 2007;12:00;international;10873.499999999987;5233.0300000000025
2007;Q4 2007;Nov 2007;17:00;international;6486.199999999997;3266.5299999999997
2007;Q3 2007;Sep 2007;12:00;international;19887.500000000007;9391.419999999987
2007;Q1 2007;Jan 2007;16:00;skandinavisk;137076.05999999758;89254.9800000002
2007;Q2 2007;Apr 2007;20:00;skandinavisk;9577.62999999999;5294.349999999999
2006;Q4 2006;Nov 2006;11:00;dance;22650.340000000033;12477.189999999999
2007;Q1 2007;Feb 2007;10:00;jazz/blues;2026.3200000000006;1157.13
2006;Q3 2006;Aug 2006;15:00;jazz/blues;6213.779999999997;3204.189999999999
2006;Q4 2006;Dec 2006;17:00;dance;80193.63999999987;45012.34999999998
2007;Q1 2007;Mar 2007;17:00;dance;34064.66000000013;17375.429999999986
2006;Q2 2006;Jun 2006;08:00;pop/rock;15872.419999999975;8912.189999999999
2007;Q4 2007;Dec 2007;08:00;pop/rock;10338.639999999989;5452.069999999998
2007;Q2 2007;Apr 2007;18:00;budget;90.0;155.3
2007;Q2 2007;May 2007;13:00;budget;118.3;304.19
2008;Q1 2008;Feb 2008;19:00;budget;45.0;55.82
2007;Q2 2007;Jun 2007;19:00;dance;34178.660000000134;19631.700000000004
2007;Q3 2007;Sep 2007;01:00;dvd/video;11337.299999999992;5514.7800000000025
2007;Q2 2007;May 2007;08:00;dvd/video;3454.3200000000006;1650.1699999999998
2007;Q1 2007;Mar 2007;18:00;dance;25958.510000000057;12905.739999999994
2006;Q4 2006;Oct 2006;12:00;dance;29069.450000000095;15915.299999999997
2006;Q4 2006;Nov 2006;15:00;dance;36094.86000000015;19955.990000000005
2006;Q4 2006;Oct 2006;15:00;dance;41466.4800000002;22606.040000000034
2007;Q1 2007;Feb 2007;15:00;dance;31859.420000000115;18165.229999999974
2007;Q2 2007;Jun 2007;01:00;pop/rock;1289.3;606.73
2007;Q1 2007;Jan 2007;08:00;pop/rock;4628.000000000001;2455.87
2007;Q1 2007;Feb 2007;17:00;klassisk;4646.699999999999;2331.9299999999994
2007;Q2 2007;May 2007;14:00;skandinavisk;55689.60000000032;30948.430000000073
2007;Q2 2007;May 2007;17:00;skandinavisk;43253.74000000021;24432.460000000043
2007;Q2 2007;Jun 2007;12:00;skandinavisk;145444.2599999976;74086.42000000055
2007;Q2 2007;Jun 2007;15:00;skandinavisk;136631.5999999979;73503.93000000062
2007;Q3 2007;Jul 2007;17:00;skandinavisk;162392.02999999697;85167.93000000044
2007;Q3 2007;Sep 2007;18:00;skandinavisk;117203.95999999848;63006.429999999425
2007;Q3 2007;Sep 2007;12:00;skandinavisk;212330.5899999952;114342.5299999999
2007;Q3 2007;Aug 2007;10:00;skandinavisk;73535.81000000013;39112.74999999996
2007;Q3 2007;Sep 2007;11:00;skandinavisk;176454.28999999646;94141.82999999964
2007;Q2 2007;Jun 2007;10:00;skandinavisk;75137.78000000007;38941.73000000011
2007;Q2 2007;May 2007;10:00;skandinavisk;31853.23000000011;17133.110000000004
2007;Q2 2007;May 2007;15:00;skandinavisk;53962.180000000306;29991.75000000004
2007;Q3 2007;Jul 2007;12:00;skandinavisk;227129.23999999466;118445.21000000159
2007;Q3 2007;Aug 2007;20:00;skandinavisk;25225.320000000047;13686.349999999997
2007;Q3 2007;Aug 2007;12:00;skandinavisk;154162.51999999714;83926.6199999999
2007;Q3 2007;Jul 2007;18:00;skandinavisk;131667.21999999805;68560.3099999995
2007;Q3 2007;Aug 2007;17:00;skandinavisk;124878.48999999833;68004.89999999969
2007;Q3 2007;Aug 2007;16:00;skandinavisk;155731.60999999705;84919.33999999987
2007;Q3 2007;Sep 2007;14:00;skandinavisk;206371.7199999953;111336.60000000012
2007;Q2 2007;Jun 2007;16:00;skandinavisk;125213.25999999826;65786.9900000004
2006;Q4 2006;Dec 2006;16:00;skandinavisk;1119559.3200000613;585854.0400000298
2006;Q3 2006;Jul 2006;10:00;skandinavisk;46461.190000000235;24138.32999999999
2006;Q4 2006;Dec 2006;13:00;skandinavisk;1256867.1699999843;657058.930000036
2006;Q4 2006;Dec 2006;14:00;skandinavisk;1355948.0899999302;709794.1700000217
2006;Q3 2006;Aug 2006;15:00;skandinavisk;61130.20000000037;30766.360000000015
2006;Q2 2006;Jun 2006;11:00;skandinavisk;25912.900000000063;13712.110000000015
2006;Q2 2006;Jun 2006;12:00;skandinavisk;27916.70000000008;14946.60000000003
2006;Q4 2006;Dec 2006;11:00;skandinavisk;1022737.0300001017;531886.7600000327
2007;Q1 2007;Jan 2007;21:00;skandinavisk;3732.9000000000015;2807.4500000000003
2006;Q2 2006;Jun 2006;19:00;skandinavisk;16244.299999999976;8868.150000000003
2007;Q2 2007;May 2007;18:00;skandinavisk;35830.100000000144;22351.430000000022
2006;Q4 2006;Dec 2006;12:00;skandinavisk;1210086.8000000103;631845.7000000327
2007;Q2 2007;Jun 2007;20:00;skandinavisk;26039.20000000006;14008.440000000002
2007;Q4 2007;Oct 2007;11:00;skandinavisk;309064.5300000002;166304.19999999812
2007;Q2 2007;May 2007;16:00;skandinavisk;55190.430000000306;31998.030000000068
2007;Q3 2007;Jul 2007;22:00;skandinavisk;6805.199999999996;3614.6
2007;Q3 2007;Aug 2007;14:00;skandinavisk;163419.96999999677;88646.75999999995
2007;Q3 2007;Sep 2007;15:00;skandinavisk;205681.79999999536;111328.33
2007;Q3 2007;Sep 2007;09:00;skandinavisk;22253.120000000028;12024.170000000015
2007;Q3 2007;Sep 2007;10:00;skandinavisk;117881.6899999985;62896.09999999948
2007;Q2 2007;Jun 2007;18:00;skandinavisk;92443.99999999946;49520.950000000295
2007;Q4 2007;Oct 2007;18:00;skandinavisk;242001.98999999408;131036.21000000135
2007;Q2 2007;Jun 2007;13:00;skandinavisk;151181.58999999738;80619.67000000035
2007;Q4 2007;Oct 2007;13:00;skandinavisk;397157.6200000131;214354.30999999747
2007;Q3 2007;Aug 2007;11:00;skandinavisk;119788.01999999852;65203.109999999826
2007;Q3 2007;Jul 2007;19:00;skandinavisk;101998.02999999913;53573.41999999962
2007;Q4 2007;Nov 2007;14:00;skandinavisk;347339.8500000051;184561.14000000304
2007;Q4 2007;Nov 2007;11:00;skandinavisk;302363.1599999992;160115.32000000053
2007;Q1 2007;Jan 2007;10:00;skandinavisk;66883.8200000004;39173.43000000008
2007;Q2 2007;Jun 2007;00:00;dvd/video;7098.099999999997;3494.69
2007;Q4 2007;Nov 2007;08:00;dvd/video;4960.64;2628.2999999999997
2006;Q4 2006;Nov 2006;23:00;dvd/video;10371.299999999996;4258.099999999999
2007;Q1 2007;Jan 2007;15:00;klassisk;5225.999999999998;2742.919999999999
2007;Q2 2007;Jun 2007;00:00;pop/rock;5007.599999999999;3098.05
2008;Q1 2008;Feb 2008;21:00;pop/rock;20680.700000000015;11161.490000000002
2006;Q3 2006;Jul 2006;08:00;dvd/video;2529.6000000000004;1152.7
2007;Q2 2007;Jun 2007;20:00;games;106186.82999999952;60099.43999999999
2007;Q2 2007;May 2007;09:00;games;26610.620000000024;14868.57
2007;Q2 2007;May 2007;01:00;games;2965.4;0.0
2007;Q4 2007;Oct 2007;11:00;games;411838.24000000465;225816.6299999985
2007;Q3 2007;Sep 2007;13:00;games;483213.940000009;263790.26999999775
2007;Q4 2007;Nov 2007;21:00;games;34883.38000000004;19140.399999999994
2006;Q3 2006;Aug 2006;12:00;skandinavisk;68649.49000000031;34121.319999999985
2007;Q1 2007;Jan 2007;14:00;skandinavisk;148211.24999999715;92545.9800000004
2007;Q3 2007;Aug 2007;15:00;international;65788.5400000004;32202.46999999984
2007;Q2 2007;Jun 2007;09:00;international;1106.72;477.55000000000007
2007;Q3 2007;Sep 2007;15:00;international;23165.94000000003;11075.929999999984
2007;Q2 2007;Jun 2007;19:00;international;3402.700000000001;1819.3400000000001
2007;Q2 2007;Jun 2007;15:00;international;3068.100000000001;1589.1
2007;Q2 2007;Jun 2007;17:00;international;4220.3200000000015;2295.5400000000004
2007;Q2 2007;Jun 2007;20:00;international;1269.7;714.68
2007;Q1 2007;Feb 2007;14:00;international;2458.6000000000004;1357.8200000000002
2006;Q3 2006;Aug 2006;14:00;international;4107.500000000001;2098.3
2007;Q2 2007;May 2007;07:00;dvd/video;1794.6200000000001;986.05
2007;Q3 2007;Jul 2007;08:00;dvd/video;3109.5000000000005;1426.94
2007;Q3 2007;Sep 2007;03:00;dvd/video;3284.7000000000003;1498.37
2007;Q4 2007;Nov 2007;23:00;dvd/video;17180.859999999997;9030.070000000002
2007;Q2 2007;Jun 2007;23:00;pop/rock;15931.989999999978;10212.500000000004
2008;Q1 2008;Mar 2008;18:00;dance;18315.419999999987;9674.650000000009
2007;Q1 2007;Feb 2007;12:00;skandinavisk;106447.71999999894;58233.750000000044
2006;Q4 2006;Oct 2006;12:00;skandinavisk;229422.37999999407;129291.89999999934
2006;Q4 2006;Nov 2006;12:00;skandinavisk;441111.5800000193;241234.340000006
2006;Q3 2006;Sep 2006;15:00;skandinavisk;9674.89999999999;4953.280000000001
2006;Q4 2006;Nov 2006;15:00;skandinavisk;419663.20000001584;229843.51000000566
2006;Q4 2006;Oct 2006;13:00;skandinavisk;245247.60999999347;137549.37999999884
2007;Q3 2007;Sep 2007;03:00;pop/rock;1548.6000000000004;755.6
2006;Q4 2006;Oct 2006;08:00;dvd/video;5048.799999999999;933.91
2007;Q1 2007;Feb 2007;16:00;skandinavisk;90916.9799999995;50654.54000000004
2008;Q2 2008;Apr 2008;19:00;budget;102.5;172.62000000000003
2007;Q2 2007;May 2007;11:00;budget;175.0;346.91999999999996
2007;Q1 2007;Feb 2007;12:00;budget;185.0;242.77
2007;Q1 2007;Feb 2007;10:00;budget;40.0;108.47
2006;Q2 2006;Jun 2006;20:00;budget;40.0;87.06
2006;Q3 2006;Sep 2006;18:00;skandinavisk;5826.899999999998;3143.159999999999
2008;Q1 2008;Feb 2008;15:00;international;16599.499999999975;8441.269999999993
2006;Q4 2006;Nov 2006;15:00;international;3657.800000000001;1544.4399999999994
2006;Q4 2006;Nov 2006;18:00;merchandise;105929.60999999892;55501.74000000002
2008;Q1 2008;Jan 2008;15:00;merchandise;234799.7799999973;125495.22999999988
2007;Q2 2007;Jun 2007;11:00;merchandise;81607.86000000013;38965.07999999991
2007;Q1 2007;Jan 2007;17:00;merchandise;187269.4799999978;102227.67999999963
2007;Q1 2007;Mar 2007;17:00;merchandise;149584.9299999984;78524.06999999986
2007;Q1 2007;Mar 2007;10:00;merchandise;63367.44000000027;31208.609999999975
2007;Q3 2007;Jul 2007;19:00;merchandise;101491.11999999886;58001.74999999995
2007;Q3 2007;Jul 2007;17:00;merchandise;200338.1099999991;116171.62999999973
2007;Q1 2007;Feb 2007;14:00;merchandise;160341.0499999979;86109.77999999988
2007;Q3 2007;Sep 2007;12:00;merchandise;99222.5499999997;52506.71999999982
2007;Q2 2007;May 2007;18:00;merchandise;96059.02999999918;56539.249999999985
2008;Q1 2008;Mar 2008;14:00;merchandise;141312.5599999989;75872.80000000018
2007;Q3 2007;Jul 2007;14:00;merchandise;184437.90999999837;99778.2199999998
2007;Q2 2007;Apr 2007;16:00;merchandise;109722.66999999921;58917.35999999982
2007;Q2 2007;Apr 2007;18:00;merchandise;76370.63000000021;39937.93999999989
2007;Q2 2007;Apr 2007;14:00;merchandise;140147.7199999987;77606.7799999997
2007;Q1 2007;Jan 2007;13:00;merchandise;164408.83999999746;86541.46999999986
2007;Q1 2007;Mar 2007;18:00;merchandise;114309.86999999925;59256.6899999998
2008;Q1 2008;Jan 2008;11:00;merchandise;102773.46999999981;58145.45
2008;Q1 2008;Mar 2008;16:00;merchandise;140150.84999999934;74571.43000000005
2008;Q1 2008;Jan 2008;14:00;merchandise;219333.06999999727;117816.44999999969
2008;Q1 2008;Feb 2008;19:00;merchandise;93317.80999999994;52304.79999999982
2008;Q1 2008;Feb 2008;17:00;merchandise;157628.5499999991;86478.1600000005
2008;Q1 2008;Mar 2008;12:00;merchandise;121833.63999999926;61503.20999999982
2008;Q2 2008;Apr 2008;15:00;merchandise;18920.319999999992;9770.799999999996
2006;Q4 2006;Nov 2006;13:00;merchandise;120416.16999999847;65720.84000000004
2007;Q1 2007;Feb 2007;16:00;merchandise;152643.91999999806;80304.11999999982
2007;Q3 2007;Sep 2007;15:00;merchandise;192499.37999999762;101276.6499999998
2007;Q1 2007;Feb 2007;11:00;merchandise;80637.71999999999;41411.00999999993
2007;Q2 2007;Jun 2007;13:00;merchandise;136122.81999999835;69712.57999999952
2007;Q3 2007;Sep 2007;10:00;merchandise;56037.87000000019;28591.92999999997
2007;Q4 2007;Oct 2007;13:00;merchandise;138541.07999999824;71213.93999999999
2007;Q2 2007;Apr 2007;12:00;merchandise;94067.31000000011;51322.86999999991
2007;Q1 2007;Mar 2007;12:00;merchandise;104800.12999999929;54916.78999999989
2007;Q2 2007;Apr 2007;13:00;merchandise;113295.78999999924;61734.54999999985
2007;Q1 2007;Mar 2007;13:00;merchandise;138554.14999999822;72481.25999999975
2007;Q1 2007;Jan 2007;11:00;merchandise;93770.45999999941;50214.70999999991
2007;Q3 2007;Aug 2007;18:00;merchandise;124885.79999999849;68066.6499999999
2007;Q3 2007;Jul 2007;15:00;merchandise;203948.52999999805;110772.03999999976
2007;Q3 2007;Aug 2007;14:00;merchandise;159148.07999999807;83561.28999999944
2007;Q3 2007;Aug 2007;17:00;merchandise;152499.05999999857;82988.0099999996
2007;Q3 2007;Aug 2007;15:00;merchandise;179682.60999999795;94306.27999999936
2007;Q3 2007;Jul 2007;12:00;merchandise;154025.48999999848;83157.59999999998
2007;Q3 2007;Jul 2007;16:00;merchandise;192730.79999999827;103217.98999999982
2007;Q3 2007;Jul 2007;13:00;merchandise;180663.90999999834;95555.1199999999
2007;Q2 2007;Apr 2007;17:00;merchandise;112570.0599999995;62365.3799999998
2006;Q4 2006;Oct 2006;15:00;merchandise;173127.3799999971;89069.309999994
2006;Q4 2006;Oct 2006;19:00;merchandise;76108.68999999925;40149.590000000804
2006;Q4 2006;Nov 2006;16:00;merchandise;150664.2699999982;81678.90999999842
2006;Q4 2006;Oct 2006;11:00;merchandise;78696.58999999912;40843.21000000081
2006;Q4 2006;Oct 2006;14:00;merchandise;155579.4299999978;79856.84999999792
2006;Q4 2006;Oct 2006;17:00;merchandise;159011.62999999837;89067.6699999966
2006;Q4 2006;Oct 2006;18:00;merchandise;106170.76999999912;55166.60000000085
2006;Q4 2006;Nov 2006;11:00;merchandise;83538.60999999953;46041.190000000104
2006;Q4 2006;Oct 2006;12:00;merchandise;114434.68999999856;62031.75000000095
2006;Q4 2006;Nov 2006;19:00;merchandise;78602.96999999991;43198.47000000008
2006;Q4 2006;Oct 2006;10:00;merchandise;40432.46000000025;20320.869999999995
2006;Q4 2006;Nov 2006;14:00;merchandise;158493.84999999724;85665.71999999825
2006;Q4 2006;Oct 2006;13:00;merchandise;136530.9699999977;69562.60000000127
2006;Q4 2006;Oct 2006;16:00;merchandise;151456.36999999816;78302.14999999895
2006;Q4 2006;Nov 2006;17:00;merchandise;126925.27999999818;69475.73999999993
2006;Q4 2006;Nov 2006;20:00;merchandise;19887.08000000002;11108.14999999998
2006;Q4 2006;Nov 2006;12:00;merchandise;118003.29999999872;64482.010000000104
2007;Q1 2007;Jan 2007;09:00;merchandise;17464.709999999985;8197.840000000004
2006;Q4 2006;Nov 2006;10:00;merchandise;38482.58000000018;20066.369999999948
2007;Q1 2007;Mar 2007;09:00;merchandise;20900.459999999985;11321.010000000004
2006;Q4 2006;Dec 2006;09:00;merchandise;47119.30000000012;23604.520000000033
2008;Q1 2008;Feb 2008;14:00;merchandise;180926.26999999833;97784.09000000036
2007;Q2 2007;May 2007;14:00;merchandise;148860.1599999979;87603.17999999973
2007;Q2 2007;Jun 2007;16:00;merchandise;129463.14999999844;65791.4999999997
2007;Q2 2007;Jun 2007;10:00;merchandise;46077.480000000214;23533.09999999996
2007;Q4 2007;Oct 2007;14:00;merchandise;173227.17999999778;91991.12999999989
2007;Q2 2007;May 2007;12:00;merchandise;104654.35999999903;62444.77999999988
2007;Q2 2007;May 2007;17:00;merchandise;126206.35999999841;74553.66999999988
2007;Q2 2007;May 2007;13:00;merchandise;120341.27999999841;70197.73999999987
2007;Q2 2007;Apr 2007;09:00;merchandise;10303.749999999989;5261.900000000001
2007;Q2 2007;Apr 2007;19:00;merchandise;61016.61000000024;32381.07999999985
2007;Q3 2007;Aug 2007;13:00;merchandise;166759.86999999807;89856.15999999929
2007;Q2 2007;May 2007;10:00;merchandise;48458.030000000246;26250.579999999918
2007;Q3 2007;Aug 2007;09:00;merchandise;15276.109999999975;6890.08
2007;Q3 2007;Aug 2007;16:00;merchandise;161097.11999999793;84536.23999999929
2008;Q1 2008;Jan 2008;16:00;merchandise;249311.31999999765;137314.66999999963
2007;Q3 2007;Sep 2007;11:00;merchandise;95162.6599999997;50812.4099999999
2007;Q3 2007;Sep 2007;13:00;merchandise;126876.00999999882;65830.97999999985
2007;Q3 2007;Sep 2007;18:00;merchandise;111103.53999999978;58137.05999999975
2007;Q1 2007;Feb 2007;10:00;merchandise;40711.13000000013;21756.96
2007;Q1 2007;Feb 2007;18:00;merchandise;102024.90999999935;53617.77999999992
2007;Q2 2007;Apr 2007;10:00;merchandise;47029.1000000002;24799.609999999935
2007;Q1 2007;Feb 2007;19:00;merchandise;68767.76000000029;35953.4899999999
2007;Q1 2007;Feb 2007;13:00;merchandise;142065.62999999837;77469.00999999994
2007;Q2 2007;May 2007;15:00;merchandise;157787.15999999788;94181.37999999968
2007;Q2 2007;Jun 2007;17:00;merchandise;114442.59999999878;57729.35999999981
2007;Q3 2007;Jul 2007;11:00;merchandise;100809.03999999912;53179.59000000005
2007;Q1 2007;Mar 2007;19:00;merchandise;89281.62;46128.84999999993
2007;Q1 2007;Feb 2007;15:00;merchandise;162467.589999998;87923.61999999994
2007;Q3 2007;Aug 2007;12:00;merchandise;123662.2999999993;65755.74999999993
2007;Q2 2007;Apr 2007;11:00;merchandise;82082.74000000003;45123.95999999992
2007;Q2 2007;Jun 2007;18:00;merchandise;101713.62999999999;53801.46999999991
2008;Q1 2008;Jan 2008;17:00;merchandise;190954.4999999983;101067.44000000012
2006;Q2 2006;Jun 2006;20:00;skandinavisk;4497.400000000001;2420.73
2006;Q4 2006;Nov 2006;13:00;jazz/blues;55113.44000000032;29781.500000000007
2007;Q1 2007;Mar 2007;19:00;jazz/blues;8894.699999999992;4870.020000000003
2006;Q4 2006;Dec 2006;18:00;jazz/blues;43840.66000000021;24004.030000000024
2007;Q4 2007;Dec 2007;12:00;jazz/blues;34033.62000000012;17909.519999999997
2007;Q3 2007;Jul 2007;14:00;dance;77107.64000000007;41341.08999999997
2007;Q4 2007;Nov 2007;02:00;dvd/video;199.8;67.53999999999999
2007;Q1 2007;Mar 2007;23:00;dvd/video;6594.339999999998;3314.5300000000007
2008;Q1 2008;Jan 2008;18:00;dance;66150.35000000041;35118.539999999884
2007;Q1 2007;Mar 2007;20:00;skandinavisk;17424.539999999983;9523.149999999994
2007;Q2 2007;May 2007;22:00;merchandise;3972.1500000000005;3509.6000000000026
2007;Q1 2007;Feb 2007;23:00;pop/rock;1297.0700000000002;1276.56
2008;Q1 2008;Mar 2008;10:00;games;189821.6899999983;98920.78999999985
2007;Q3 2007;Jul 2007;20:00;games;121130.47999999944;66260.1
2007;Q3 2007;Sep 2007;11:00;games;289854.26999999845;158230.17999999927
2007;Q3 2007;Jul 2007;21:00;games;34077.60000000004;17216.139999999996
2007;Q4 2007;Oct 2007;13:00;games;591569.420000015;322248.8499999949
2008;Q1 2008;Jan 2008;10:00;games;164405.29999999882;86221.18999999987
2007;Q4 2007;Nov 2007;10:00;games;257513.7399999977;131697.8800000006
2007;Q4 2007;Dec 2007;21:00;games;196891.0499999986;107171.69000000002
2008;Q2 2008;Apr 2008;13:00;games;64053.62000000015;34678.239999999976
2008;Q2 2008;Apr 2008;20:00;games;9897.699999999997;5233.88
2008;Q2 2008;Apr 2008;16:00;games;79175.86999999998;43891.75999999998
2008;Q1 2008;Mar 2008;20:00;games;47670.12000000008;23925.409999999974
2008;Q2 2008;Apr 2008;14:00;games;87577.81999999986;45834.29999999991
2008;Q1 2008;Feb 2008;09:00;games;36650.10000000006;18476.220000000005
2007;Q3 2007;Sep 2007;10:00;games;175590.4399999987;95508.66000000012
2007;Q4 2007;Dec 2007;09:00;games;179776.70999999874;98855.69000000006
2007;Q4 2007;Oct 2007;19:00;games;325374.1200000012;178120.74999999968
2007;Q3 2007;Aug 2007;22:00;games;9812.799999999997;5422.73
2007;Q3 2007;Sep 2007;20:00;games;79308.95999999998;43417.27
2007;Q4 2007;Dec 2007;22:00;games;50377.7100000001;28314.409999999996
2007;Q4 2007;Oct 2007;17:00;games;619941.0200000162;341603.27999999473
2007;Q3 2007;Sep 2007;09:00;games;34191.540000000045;20023.90999999999
2008;Q1 2008;Feb 2008;21:00;games;11571.769999999995;5832.52
2007;Q4 2007;Oct 2007;20:00;games;93616.55999999981;51218.98
2007;Q4 2007;Oct 2007;09:00;games;41851.34000000006;23198.61999999999
2007;Q3 2007;Aug 2007;01:00;games;2259.4;966.68
2007;Q2 2007;Jun 2007;09:00;games;27331.84000000002;15322.759999999998
2007;Q3 2007;Jul 2007;19:00;dance;39052.42000000017;20661.48
2007;Q1 2007;Jan 2007;12:00;skandinavisk;134880.31999999765;80031.71000000017
2007;Q4 2007;Nov 2007;16:00;skandinavisk;333567.9700000039;177390.16000000143
2007;Q1 2007;Mar 2007;11:00;skandinavisk;106675.09999999891;55490.61000000005
2008;Q1 2008;Feb 2008;12:00;singles;654.5099999999999;1578.0999999999997
2008;Q1 2008;Jan 2008;15:00;singles;2560.010000000002;5947.9000000000015
2007;Q2 2007;Jun 2007;23:00;skandinavisk;2023.8000000000006;1200.7400000000002
2007;Q2 2007;May 2007;15:00;jazz/blues;16367.999999999975;9024.020000000006
2006;Q3 2006;Jul 2006;12:00;jazz/blues;3697.8000000000015;1877.15
2006;Q4 2006;Oct 2006;12:00;jazz/blues;9484.419999999991;4819.390000000002
2006;Q4 2006;Dec 2006;13:00;jazz/blues;69973.84000000027;38758.85999999996
2007;Q1 2007;Jan 2007;20:00;jazz/blues;1749.1000000000004;1475.74
2007;Q1 2007;Jan 2007;16:00;jazz/blues;15139.039999999977;11500.539999999997
2006;Q4 2006;Dec 2006;19:00;jazz/blues;32010.19000000012;17657.140000000018
2006;Q2 2006;Jun 2006;15:00;jazz/blues;2808.500000000001;1432.6599999999996
2006;Q3 2006;Aug 2006;11:00;jazz/blues;5606.799999999998;2459.809999999999
2006;Q3 2006;Jul 2006;16:00;jazz/blues;5351.899999999999;2818.229999999999
2007;Q2 2007;Apr 2007;12:00;jazz/blues;29953.7200000001;16177.450000000032
2007;Q2 2007;Apr 2007;13:00;jazz/blues;35111.63000000015;19202.430000000048
2006;Q4 2006;Nov 2006;21:00;jazz/blues;1169.3;705.79
2008;Q2 2008;Apr 2008;20:00;dance;439.79999999999995;329.09
2006;Q3 2006;Aug 2006;16:00;budget;179.9;179.25
2007;Q1 2007;Jan 2007;14:00;budget;240.0;302.21999999999997
2007;Q2 2007;Apr 2007;16:00;budget;90.0;150.67000000000002
2007;Q1 2007;Feb 2007;13:00;budget;100.0;128.87
2007;Q2 2007;Jun 2007;16:00;budget;30.0;89.87
2008;Q1 2008;Mar 2008;23:00;dvd/video;2806.9000000000005;1391.48
2007;Q1 2007;Jan 2007;15:00;blancs;53006.03000000004;30640.060000000005
2006;Q2 2006;Jun 2006;00:00;dvd/video;1117.42;882.1800000000001
2007;Q3 2007;Sep 2007;02:00;dvd/video;6828.799999999997;3378.99
2007;Q2 2007;May 2007;16:00;jazz/blues;20892.800000000014;11561.470000000014
2006;Q3 2006;Jul 2006;13:00;dance;26242.120000000057;12748.519999999993
2007;Q1 2007;Mar 2007;10:00;dance;12852.399999999981;6516.83
2007;Q1 2007;Mar 2007;16:00;dance;37753.94000000016;19691.65999999998
2007;Q4 2007;Oct 2007;17:00;skandinavisk;297639.1099999985;160742.97999999928
2008;Q1 2008;Mar 2008;16:00;international;4966.299999999999;2825.7900000000004
2006;Q4 2006;Nov 2006;13:00;international;4344.820000000001;2132.97
2006;Q4 2006;Nov 2006;15:00;jazz/blues;52912.7200000003;27860.470000000012
2007;Q1 2007;Jan 2007;15:00;jazz/blues;13891.799999999977;10376.849999999995
2006;Q3 2006;Jul 2006;19:00;jazz/blues;1409.1000000000001;704.38
2006;Q3 2006;Sep 2006;11:00;jazz/blues;879.5999999999999;500.44
2007;Q1 2007;Jan 2007;16:00;international;1973.9000000000005;1446.5900000000004
2007;Q1 2007;Mar 2007;18:00;international;1569.1000000000004;896.88
2006;Q3 2006;Sep 2006;22:00;dvd/video;7599.099999999997;3528.4300000000007
2007;Q1 2007;Mar 2007;16:00;skandinavisk;106922.43999999891;56675.299999999996
2007;Q2 2007;May 2007;20:00;skandinavisk;9694.50999999999;6501.539999999999
2007;Q2 2007;Apr 2007;15:00;skandinavisk;54308.1500000003;29694.589999999946
2007;Q1 2007;Feb 2007;18:00;skandinavisk;60719.05000000037;34227.56000000003
2007;Q1 2007;Mar 2007;17:00;blancs;99845.14999999998;64718.470000000016
2006;Q4 2006;Nov 2006;13:00;skandinavisk;463226.5900000225;253225.5700000062
2007;Q3 2007;Jul 2007;15:00;budget;100.0;42.68
2006;Q3 2006;Aug 2006;12:00;budget;180.0;70.36
2007;Q2 2007;Apr 2007;15:00;budget;129.9;109.99000000000001
2007;Q1 2007;Feb 2007;12:00;jazz/blues;7336.419999999995;4607.160000000001
2006;Q4 2006;Oct 2006;22:00;skandinavisk;4320.850000000001;2406.5100000000007
2007;Q3 2007;Aug 2007;18:00;skandinavisk;104272.20999999906;56773.96999999987
2006;Q4 2006;Oct 2006;00:00;pop/rock;2458.8000000000006;1333.5299999999997
2007;Q2 2007;Jun 2007;10:00;budget;119.9;58.54
2008;Q1 2008;Mar 2008;14:00;dance;31263.37000000013;16856.149999999972
2008;Q1 2008;Feb 2008;18:00;dance;28028.440000000075;15528.220000000005
2008;Q1 2008;Jan 2008;12:00;dance;70155.89000000022;37587.08999999984
2006;Q4 2006;Oct 2006;10:00;international;1848.9000000000003;887.4200000000001
2007;Q1 2007;Mar 2007;18:00;skandinavisk;77577.65999999999;40679.81999999992
2006;Q2 2006;Jun 2006;08:00;dvd/video;5939.399999999998;2837.2700000000004
2006;Q4 2006;Dec 2006;14:00;Missing;140.0;96.84
2007;Q3 2007;Jul 2007;12:00;jazz/blues;10877.259999999987;5642.879999999999
2008;Q1 2008;Mar 2008;11:00;international;3357.4000000000015;2009.6000000000008
2008;Q1 2008;Mar 2008;17:00;international;5915.699999999997;3129.83
2008;Q1 2008;Feb 2008;16:00;international;13216.839999999982;6843.009999999998
2008;Q2 2008;Apr 2008;18:00;international;719.3;587.28
2008;Q1 2008;Mar 2008;13:00;international;5955.599999999997;3069.32
2008;Q1 2008;Mar 2008;10:00;international;2068.5200000000004;1131.7200000000003
2008;Q1 2008;Mar 2008;22:00;pop/rock;6001.8899999999985;3442.3600000000015
2006;Q2 2006;Jun 2006;19:00;dance;8593.999999999993;4625.15
2007;Q1 2007;Mar 2007;22:00;dance;829.5999999999999;554.83
2007;Q3 2007;Jul 2007;22:00;merchandise;6010.879999999997;3531.7800000000016
2007;Q3 2007;Jul 2007;18:00;merchandise;134835.40999999936;75306.67999999977
2008;Q1 2008;Jan 2008;22:00;pop/rock;9354.48999999999;4562.380000000004
2007;Q4 2007;Dec 2007;23:00;pop/rock;31801.530000000108;16864.210000000025
2006;Q3 2006;Aug 2006;17:00;skandinavisk;46869.20000000024;24004.74
2006;Q3 2006;Jul 2006;20:00;skandinavisk;13106.19999999998;6061.999999999999
2007;Q1 2007;Feb 2007;15:00;skandinavisk;111162.58999999875;62444.319999999956
2008;Q1 2008;Mar 2008;20:00;skandinavisk;12260.299999999983;6643.530000000003
2008;Q2 2008;Apr 2008;13:00;skandinavisk;19754.5;10759.54
2006;Q1 2006;Jan 2006;12:00;pop/rock;1139.3;0.0
2008;Q1 2008;Feb 2008;23:00;dvd/video;4921.5199999999995;2245.05
2007;Q3 2007;Jul 2007;02:00;dvd/video;5718.999999999998;2689.67
2007;Q3 2007;Aug 2007;18:00;international;36267.00000000015;17740.689999999984
2007;Q3 2007;Aug 2007;19:00;international;27782.70000000008;13702.11
2007;Q3 2007;Jul 2007;19:00;international;47989.74000000025;24571.97999999996
2007;Q3 2007;Jul 2007;17:00;international;75451.57000000005;38999.62999999994
2007;Q3 2007;Jul 2007;14:00;international;107892.25999999886;56119.36000000039
2007;Q4 2007;Oct 2007;21:00;international;819.5;384.79
2007;Q4 2007;Dec 2007;16:00;international;16045.69999999998;7778.229999999992
2007;Q1 2007;Mar 2007;19:00;international;1738.9000000000003;846.9199999999998
2007;Q3 2007;Jul 2007;15:00;international;102595.87999999907;53345.20000000026
2007;Q2 2007;May 2007;12:00;international;2293.7000000000007;1297.18
2007;Q2 2007;May 2007;11:00;international;1529.0000000000002;793.56
2007;Q2 2007;Apr 2007;17:00;international;2528.500000000001;1333.3899999999999
2007;Q1 2007;Jan 2007;14:00;international;2178.8000000000006;1512.79
2007;Q3 2007;Aug 2007;16:00;international;57453.90000000034;28075.16999999988
2007;Q1 2007;Mar 2007;14:00;international;2288.600000000001;1095.69
2008;Q1 2008;Jan 2008;18:00;international;31205.110000000106;15616.59999999997
2007;Q4 2007;Oct 2007;16:00;international;8604.899999999992;4101.640000000001
2007;Q1 2007;Feb 2007;16:00;international;1883.9000000000005;1030.02
2007;Q3 2007;Jul 2007;18:00;international;53091.640000000305;27382.129999999957
2007;Q2 2007;Apr 2007;12:00;international;1529.1000000000001;804.9399999999999
2007;Q2 2007;Apr 2007;13:00;international;3225.620000000001;1774.9000000000005
2007;Q4 2007;Nov 2007;11:00;international;4337.6;2114.6999999999994
2007;Q3 2007;Aug 2007;14:00;international;72664.24000000015;35870.3199999998
2007;Q3 2007;Aug 2007;17:00;international;45084.61000000023;22077.61999999996
2007;Q1 2007;Jan 2007;15:00;international;2333.7000000000007;1545.8400000000004
2007;Q3 2007;Jul 2007;12:00;international;109261.53999999883;56478.990000000376
2007;Q3 2007;Aug 2007;12:00;international;68676.8200000003;33614.94999999982
2007;Q3 2007;Jul 2007;16:00;international;92242.53999999944;47909.02000000023
2007;Q3 2007;Jul 2007;10:00;international;48404.72000000026;25034.819999999938
2007;Q4 2007;Oct 2007;20:00;international;1309.2;616.26
2006;Q4 2006;Dec 2006;13:00;international;5806.399999999998;2782.2299999999996
2006;Q3 2006;Jul 2006;16:00;international;2928.300000000001;1439.5300000000002
2006;Q4 2006;Dec 2006;12:00;international;7505.199999999993;3501.1399999999994
2006;Q4 2006;Dec 2006;16:00;international;4817.1;2413.2999999999993
2006;Q4 2006;Dec 2006;15:00;international;7195.4999999999945;3533.88
2006;Q4 2006;Nov 2006;17:00;international;3098.100000000001;1470.99
2006;Q4 2006;Dec 2006;17:00;international;4527.200000000001;2146.8099999999995
2006;Q4 2006;Oct 2006;18:00;international;2008.7000000000005;993.8700000000001
2006;Q4 2006;Oct 2006;14:00;international;2475.9200000000005;1227.5400000000002
2006;Q4 2006;Nov 2006;18:00;international;1509.1000000000001;767.01
2006;Q4 2006;Dec 2006;18:00;international;1898.9000000000005;1004.81
2006;Q4 2006;Oct 2006;19:00;international;789.5;381.2
2006;Q4 2006;Nov 2006;09:00;international;469.70000000000005;156.34
2006;Q4 2006;Dec 2006;14:00;international;6905.699999999995;3256.4199999999996
2006;Q4 2006;Dec 2006;10:00;international;2418.5000000000005;1255.1499999999996
2006;Q4 2006;Nov 2006;14:00;international;4277.400000000001;1915.5399999999993
2006;Q4 2006;Oct 2006;17:00;international;2428.600000000001;1156.0100000000002
2006;Q4 2006;Oct 2006;09:00;international;249.8;120.02
2006;Q4 2006;Oct 2006;13:00;international;3527.800000000001;1667.34
2006;Q4 2006;Nov 2006;20:00;international;489.70000000000005;241.54999999999998
2006;Q4 2006;Nov 2006;12:00;international;4487.3;2019.9499999999996
2006;Q4 2006;Nov 2006;16:00;international;4277.300000000001;2093.2500000000005
2006;Q4 2006;Nov 2006;19:00;international;2228.7000000000007;1202.4499999999998
2006;Q4 2006;Oct 2006;15:00;international;1928.9000000000005;1016.3000000000002
2006;Q4 2006;Oct 2006;12:00;international;2898.300000000001;1450.0800000000002
2006;Q4 2006;Dec 2006;19:00;international;4087.5000000000014;2079.66
2006;Q4 2006;Dec 2006;11:00;international;3018.2000000000007;1460.9399999999994
2007;Q1 2007;Jan 2007;11:00;international;589.7;527.52
2007;Q1 2007;Jan 2007;20:00;international;539.7;442.88
2007;Q1 2007;Jan 2007;12:00;international;1329.2;755.28
2007;Q1 2007;Jan 2007;17:00;international;3877.8000000000015;2185.33
2007;Q1 2007;Jan 2007;18:00;international;1914.1000000000004;1351.05
2007;Q1 2007;Jan 2007;10:00;international;749.6;492.81
2006;Q4 2006;Nov 2006;11:00;international;2018.8000000000004;979.5299999999999
2006;Q4 2006;Nov 2006;10:00;international;2868.3000000000006;1279.3899999999999
2006;Q4 2006;Dec 2006;20:00;international;2158.7000000000003;1085.66
2007;Q2 2007;May 2007;10:00;international;1149.3;564.9699999999999
2007;Q4 2007;Oct 2007;13:00;international;11173.199999999986;5447.770000000005
2007;Q3 2007;Sep 2007;14:00;international;25014.320000000054;11804.189999999984
2007;Q2 2007;May 2007;17:00;international;4421.050000000001;2419.06
2007;Q2 2007;Apr 2007;15:00;international;1679.0000000000002;886.8999999999999
2007;Q2 2007;Jun 2007;11:00;international;2698.000000000001;1269.56
2007;Q4 2007;Dec 2007;19:00;international;6186.899999999996;3037.4300000000003
2007;Q4 2007;Nov 2007;15:00;international;10184.699999999992;5153.81
2007;Q3 2007;Aug 2007;21:00;international;2998.100000000001;1358.93
2007;Q3 2007;Aug 2007;11:00;international;55854.70000000033;27171.549999999912
2007;Q3 2007;Aug 2007;13:00;international;66188.42000000039;32456.649999999823
2007;Q3 2007;Sep 2007;19:00;international;12716.919999999982;6080.700000000002
2007;Q4 2007;Oct 2007;15:00;international;7662.519999999993;3731.55
2008;Q1 2008;Jan 2008;19:00;international;25209.52000000005;12744.849999999984
2007;Q3 2007;Sep 2007;13:00;international;22795.620000000035;10701.869999999984
2007;Q1 2007;Mar 2007;10:00;international;529.7;261.7
2007;Q3 2007;Sep 2007;18:00;international;12059.919999999984;5685.850000000002
2007;Q2 2007;May 2007;20:00;international;1079.3;523.02
2007;Q4 2007;Oct 2007;14:00;international;9923.799999999988;4547.060000000001
2007;Q1 2007;Mar 2007;16:00;international;2598.5000000000005;1388.3100000000002
2007;Q1 2007;Feb 2007;12:00;international;929.4;593.79
2007;Q2 2007;May 2007;14:00;international;1888.8100000000004;1045.43
2007;Q4 2007;Nov 2007;18:00;international;2578.4000000000005;1267.3399999999997
2007;Q2 2007;Apr 2007;16:00;international;3058.100000000001;1505.7700000000002
2007;Q1 2007;Feb 2007;17:00;international;1219.3;842.0
2007;Q3 2007;Jul 2007;13:00;international;117546.31999999852;60250.55000000048
2007;Q2 2007;Apr 2007;14:00;international;3810.2200000000016;1977.38
2007;Q2 2007;Apr 2007;11:00;international;2088.7000000000003;1032.2599999999998
2007;Q3 2007;Jul 2007;11:00;international;84296.99999999974;43380.120000000155
2007;Q2 2007;Jun 2007;18:00;international;1334.1000000000001;777.3699999999999
2007;Q4 2007;Nov 2007;13:00;international;6975.899999999996;3499.17
2007;Q4 2007;Oct 2007;18:00;international;5809.399999999997;2814.699999999999
2007;Q2 2007;Apr 2007;18:00;international;1569.1000000000004;821.3399999999999
2007;Q1 2007;Feb 2007;13:00;international;749.6;468.21
2007;Q1 2007;Feb 2007;18:00;international;929.5;618.14
2007;Q3 2007;Jul 2007;20:00;international;12482.099999999982;6439.909999999994
2008;Q1 2008;Jan 2008;12:00;international;44235.130000000216;22308.820000000036
2007;Q3 2007;Aug 2007;10:00;international;39804.90000000018;19362.79999999999
2007;Q2 2007;Jun 2007;10:00;international;1199.2;601.1499999999999
2007;Q3 2007;Aug 2007;09:00;international;7129.509999999995;3449.0200000000023
2007;Q1 2007;Mar 2007;08:00;dvd/video;2988.8000000000006;1358.3
2008;Q1 2008;Jan 2008;08:00;dvd/video;4948.899999999999;2370.780000000001
2007;Q3 2007;Sep 2007;08:00;dvd/video;8597.599999999993;4206.599999999999
2007;Q4 2007;Oct 2007;08:00;dvd/video;3374.5000000000005;1653.9299999999996
2006;Q3 2006;Jul 2006;23:00;dvd/video;9954.199999999997;4719.669999999998
2006;Q4 2006;Oct 2006;07:00;dvd/video;1409.8000000000002;88.55
2006;Q3 2006;Aug 2006;08:00;dvd/video;5724.019999999999;2744.2400000000002
2007;Q4 2007;Oct 2007;04:00;dvd/video;999.6999999999999;452.5
2006;Q3 2006;Aug 2006;00:00;dvd/video;7849.249999999995;2960.42
2006;Q4 2006;Oct 2006;00:00;dvd/video;2859.000000000001;1542.9599999999998
2006;Q1 2006;Jan 2006;13:00;dvd/video;8838.699999999997;661.5900000000001
2006;Q1 2006;Jan 2006;16:00;dvd/video;3449.2000000000007;100.44
2006;Q1 2006;Jan 2006;17:00;dvd/video;2089.8;32.26
2007;Q1 2007;Jan 2007;19:00;budget;200.0;324.43
2006;Q4 2006;Oct 2006;12:00;budget;169.9;92.65
2006;Q3 2006;Jul 2006;15:00;budget;160.0;139.78
2006;Q2 2006;Jun 2006;11:00;budget;169.9;92.65
2006;Q2 2006;Jun 2006;12:00;budget;89.9;92.65
2006;Q3 2006;Aug 2006;20:00;budget;80.0;92.65
2007;Q1 2007;Jan 2007;13:00;budget;130.0;308.43000000000006
2006;Q2 2006;Jun 2006;13:00;budget;80.0;92.65
2006;Q4 2006;Nov 2006;13:00;budget;169.9;92.65
2006;Q3 2006;Aug 2006;18:00;games;271929.5299999977;139613.7800000002
2006;Q3 2006;Jul 2006;13:00;games;452885.11000000924;233860.42000000022
2006;Q3 2006;Jul 2006;15:00;games;429088.48000000697;221310.7400000003
2006;Q3 2006;Jul 2006;14:00;games;466438.72000001;237128.27000000037
2006;Q3 2006;Jul 2006;11:00;games;245420.71999999753;124967.26000000033
2006;Q2 2006;Jun 2006;20:00;games;51939.850000000115;27469.519999999986
2006;Q3 2006;Aug 2006;17:00;games;323052.4800000003;162741.67
2006;Q2 2006;Jun 2006;18:00;games;185284.89999999848;99176.21000000004
2006;Q2 2006;Jun 2006;13:00;games;231099.51999999763;125090.33000000015
2006;Q3 2006;Aug 2006;13:00;games;348256.78000000253;177637.20000000024
2006;Q3 2006;Aug 2006;16:00;games;355331.3400000029;181460.3000000002
2006;Q3 2006;Aug 2006;14:00;games;374673.9200000042;189730.44999999995
2006;Q2 2006;Jun 2006;15:00;games;221718.41999999786;119132.49000000017
2006;Q3 2006;Aug 2006;15:00;games;374418.01000000426;192167.88000000044
2006;Q4 2006;Oct 2006;18:00;games;405671.0100000047;224461.51000000082
2006;Q4 2006;Oct 2006;17:00;games;501863.93000000936;278745.880000001
2006;Q4 2006;Oct 2006;11:00;games;309310.5600000003;171356.83000000092
2006;Q4 2006;Oct 2006;19:00;games;270536.3199999979;150603.67000000065
2007;Q2 2007;May 2007;11:00;merchandise;79468.26000000021;44947.81000000004
2006;Q3 2006;Aug 2006;15:00;merchandise;176989.84999999797;89602.54999999293
2007;Q2 2007;May 2007;20:00;merchandise;30666.410000000036;21891.189999999977
2008;Q1 2008;Mar 2008;19:00;merchandise;70359.90999999999;36188.179999999906
2008;Q1 2008;Feb 2008;16:00;merchandise;177033.54999999827;94829.38000000047
2008;Q1 2008;Mar 2008;20:00;merchandise;15056.829999999984;8301.250000000007
2007;Q3 2007;Aug 2007;23:00;merchandise;1760.8200000000004;857.7900000000002
2006;Q3 2006;Jul 2006;10:00;merchandise;67032.25000000032;38987.830000000344
2006;Q3 2006;Aug 2006;20:00;merchandise;39055.42000000012;19553.690000000006
2006;Q3 2006;Aug 2006;14:00;merchandise;177130.5599999975;92903.30999999346
2006;Q3 2006;Aug 2006;17:00;merchandise;158631.66999999803;81943.40999999939
2006;Q3 2006;Aug 2006;19:00;merchandise;99497.16999999911;52292.66000000107
2006;Q3 2006;Aug 2006;12:00;merchandise;140541.35999999775;78807.13999999942
2006;Q3 2006;Aug 2006;21:00;merchandise;16147.609999999977;8056.579999999967
2006;Q2 2006;Jun 2006;16:00;merchandise;110243.30999999956;61567.280000000705
2006;Q3 2006;Sep 2006;14:00;merchandise;23819.13000000007;12064.049999999948
2006;Q3 2006;Sep 2006;15:00;merchandise;26016.270000000066;13018.96999999994
2006;Q2 2006;Jun 2006;12:00;merchandise;79287.46999999939;45382.67000000062
2006;Q3 2006;Jul 2006;09:00;merchandise;16240.529999999966;8730.48999999998
2006;Q2 2006;Jun 2006;20:00;merchandise;23589.63000000003;14811.519999999946
2006;Q2 2006;Jun 2006;11:00;merchandise;59684.460000000334;31813.200000000397
2006;Q3 2006;Jul 2006;19:00;merchandise;104295.06999999822;58512.980000000796
2007;Q1 2007;Mar 2007;15:00;merchandise;185687.7499999973;96156.37999999966
2007;Q3 2007;Sep 2007;21:00;merchandise;5808.259999999999;2770.3800000000015
2007;Q3 2007;Jul 2007;20:00;merchandise;41023.27000000011;22973.50999999998
2006;Q3 2006;Aug 2006;11:00;merchandise;96405.68999999887;49449.95000000064
2006;Q2 2006;Jun 2006;10:00;merchandise;36314.9400000001;20797.86999999993
2006;Q3 2006;Sep 2006;13:00;merchandise;19328.320000000043;9591.869999999943
2006;Q3 2006;Sep 2006;17:00;merchandise;27666.080000000056;14688.079999999936
2006;Q2 2006;Jun 2006;13:00;merchandise;101258.77999999907;57217.22000000068
2006;Q2 2006;Jun 2006;09:00;merchandise;7333.4299999999885;3825.800000000005
2006;Q3 2006;Sep 2006;19:00;merchandise;13372.66999999998;6899.199999999962
2006;Q3 2006;Sep 2006;18:00;merchandise;17655.649999999972;9323.149999999961
2006;Q3 2006;Sep 2006;12:00;merchandise;15719.529999999966;7491.279999999956
2006;Q3 2006;Sep 2006;16:00;merchandise;20526.190000000057;10090.89999999994
2008;Q1 2008;Feb 2008;10:00;merchandise;52490.11000000016;28866.849999999995
2007;Q2 2007;May 2007;23:00;pop/rock;3866.520000000001;2186.45
2007;Q1 2007;Mar 2007;18:00;jazz/blues;10413.639999999989;5689.840000000005
2006;Q4 2006;Dec 2006;11:00;jazz/blues;50556.96000000028;28179.06000000003
2006;Q4 2006;Dec 2006;11:00;Missing;179.9;87.45
2006;Q4 2006;Dec 2006;15:00;Missing;179.9;87.45
2006;Q4 2006;Dec 2006;16:00;Missing;90.0;87.45
2006;Q3 2006;Aug 2006;02:00;dvd/video;3226.100000000001;1131.74
2007;Q2 2007;Jun 2007;14:00;dance;49683.80000000029;27254.350000000006
2006;Q3 2006;Sep 2006;17:00;dance;4916.9;2700.8100000000018
2007;Q2 2007;Apr 2007;15:00;dance;29230.100000000082;15050.159999999993
2007;Q2 2007;Apr 2007;13:00;dance;26862.560000000067;14149.849999999995
2007;Q1 2007;Jan 2007;22:00;games;12136.899999999992;5394.670000000001
2007;Q2 2007;May 2007;09:00;skandinavisk;7490.699999999994;4298.9400000000005
2007;Q2 2007;Apr 2007;14:00;dance;25718.650000000056;12685.839999999993
2006;Q3 2006;Jul 2006;16:00;games;401193.8000000053;204299.9100000008
2006;Q3 2006;Jul 2006;12:00;games;356366.99000000284;186209.34000000052
2006;Q4 2006;Oct 2006;14:00;games;591568.670000014;329036.6399999994
2006;Q3 2006;Jul 2006;17:00;games;351760.23000000254;179228.3900000005
2006;Q4 2006;Oct 2006;16:00;games;619835.1500000148;311027.8699999982
2006;Q3 2006;Sep 2006;16:00;games;56003.23000000016;28943.170000000002
2007;Q2 2007;Jun 2007;20:00;singles;2171.760000000004;1819.5100000000007
2007;Q1 2007;Mar 2007;00:00;pop/rock;479.8;213.65
2008;Q2 2008;Apr 2008;19:00;merchandise;9892.139999999994;5238.830000000001
2006;Q4 2006;Dec 2006;13:00;klassisk;55738.52000000034;30176.909999999993
2006;Q4 2006;Nov 2006;13:00;klassisk;13420.199999999979;6597.169999999997
2006;Q4 2006;Nov 2006;11:00;klassisk;12493.449999999983;6298.769999999992
2006;Q4 2006;Oct 2006;14:00;klassisk;4207.100000000002;1950.8499999999995
2007;Q1 2007;Mar 2007;11:00;klassisk;5006.699999999999;2532.16
2007;Q4 2007;Oct 2007;10:00;klassisk;12046.409999999983;6218.859999999999
2006;Q4 2006;Nov 2006;10:00;skandinavisk;231595.44999999434;127351.80999999963
2006;Q1 2006;Jan 2006;14:00;pop/rock;1698.9000000000003;88.0
2006;Q3 2006;Sep 2006;22:00;pop/rock;4572.990000000001;2547.16
2006;Q4 2006;Oct 2006;16:00;klassisk;2723.200000000001;1277.4899999999998
2006;Q4 2006;Oct 2006;18:00;klassisk;2707.2000000000007;1327.86
2006;Q4 2006;Oct 2006;12:00;klassisk;3487.0000000000014;1586.1899999999998
2007;Q3 2007;Sep 2007;14:00;klassisk;36835.440000000155;19426.430000000008
2007;Q1 2007;Feb 2007;10:00;klassisk;1588.8000000000002;801.29
2006;Q4 2006;Dec 2006;14:00;klassisk;52265.6200000003;28298.480000000007
2006;Q4 2006;Oct 2006;19:00;klassisk;1818.6000000000004;856.55
2006;Q4 2006;Dec 2006;19:00;klassisk;20275.520000000015;10587.330000000005
2008;Q1 2008;Jan 2008;14:00;klassisk;28791.65000000009;15147.780000000004
2007;Q1 2007;Feb 2007;12:00;klassisk;4112.500000000001;2245.75
2007;Q2 2007;May 2007;11:00;klassisk;2393.3000000000006;1223.8100000000002
2007;Q4 2007;Oct 2007;11:00;klassisk;22684.500000000033;11611.47
2006;Q4 2006;Dec 2006;18:00;klassisk;31094.700000000114;16664.659999999978
2008;Q1 2008;Mar 2008;14:00;klassisk;12200.219999999978;8381.259999999997
2007;Q1 2007;Jan 2007;10:00;klassisk;3814.6000000000013;2059.1700000000005
2006;Q4 2006;Oct 2006;10:00;klassisk;1189.0000000000002;529.6899999999998
2006;Q4 2006;Nov 2006;12:00;klassisk;12071.999999999984;6112.289999999992
2007;Q2 2007;Apr 2007;16:00;klassisk;3207.4000000000015;1549.8100000000009
2007;Q1 2007;Jan 2007;09:00;skandinavisk;9893.699999999988;5970.230000000001
2008;Q1 2008;Feb 2008;07:00;pop/rock;5456.199999999998;2964.91
2006;Q3 2006;Sep 2006;08:00;pop/rock;2469.0000000000005;1323.71
2006;Q3 2006;Aug 2006;16:00;blancs;15221.119999999968;6186.860000000008
2006;Q4 2006;Dec 2006;17:00;blancs;92043.20000000003;53834.650000000096
2006;Q4 2006;Nov 2006;16:00;blancs;31294.350000000017;15006.41000000002
2006;Q4 2006;Dec 2006;10:00;blancs;42377.02;26235.08000000001
2006;Q4 2006;Oct 2006;12:00;blancs;9781.139999999981;3990.9400000000055
2006;Q3 2006;Jul 2006;14:00;blancs;14640.13999999996;5662.160000000011
2006;Q4 2006;Nov 2006;18:00;blancs;22172.219999999976;11328.550000000003
2006;Q3 2006;Jul 2006;10:00;blancs;5972.499999999999;2446.1600000000003
2006;Q4 2006;Oct 2006;13:00;blancs;13226.999999999978;5997.360000000007
2006;Q3 2006;Jul 2006;18:00;blancs;10787.53999999998;4387.750000000003
2006;Q3 2006;Jul 2006;19:00;blancs;8936.75999999999;3573.479999999998
2006;Q3 2006;Aug 2006;19:00;blancs;10415.959999999985;4146.419999999999
2006;Q3 2006;Aug 2006;18:00;blancs;12370.399999999978;4775.950000000005
2006;Q3 2006;Aug 2006;12:00;blancs;11384.319999999978;4450.360000000003
2006;Q3 2006;Jul 2006;13:00;jazz/blues;6356.099999999996;2514.099999999999
2006;Q3 2006;Jul 2006;17:00;jazz/blues;4652.300000000001;2164.6400000000003
2006;Q3 2006;Jul 2006;20:00;jazz/blues;1299.2000000000003;473.36
2007;Q1 2007;Jan 2007;19:00;jazz/blues;9244.599999999988;7740.329999999999
2008;Q2 2008;Apr 2008;18:00;games;52145.50000000012;28054.169999999984
2008;Q1 2008;Feb 2008;22:00;games;5797.9;3188.359999999999
2008;Q1 2008;Feb 2008;20:00;games;63634.410000000156;33175.83999999999
2006;Q4 2006;Nov 2006;11:00;skandinavisk;373760.570000009;204780.25000000474
2006;Q4 2006;Oct 2006;16:00;skandinavisk;218062.55999999456;123272.44999999972
2007;Q1 2007;Jan 2007;14:00;jazz/blues;12791.139999999981;8921.88
2007;Q1 2007;Jan 2007;12:00;dance;30902.040000000106;20895.07
2006;Q4 2006;Oct 2006;14:00;dance;40333.900000000205;22289.24000000004
2006;Q3 2006;Jul 2006;15:00;dance;24160.73000000004;11863.069999999998
2006;Q4 2006;Oct 2006;13:00;dance;37066.32000000016;20548.280000000028
2006;Q4 2006;Oct 2006;16:00;dance;41414.06000000021;22835.710000000025
2006;Q3 2006;Aug 2006;13:00;dance;22444.100000000028;10789.68000000001
2007;Q3 2007;Sep 2007;18:00;dance;39567.180000000204;22337.52
2006;Q3 2006;Sep 2006;17:00;skandinavisk;6838.219999999995;3665.3700000000003
2007;Q3 2007;Jul 2007;19:00;klassisk;4082.000000000002;2106.770000000001
2006;Q3 2006;Aug 2006;17:00;dance;19728.400000000005;9389.570000000003
2008;Q1 2008;Feb 2008;19:00;jazz/blues;7372.839999999996;4030.1099999999983
2008;Q1 2008;Feb 2008;16:00;dance;46312.85000000023;26998.489999999954
2006;Q4 2006;Oct 2006;22:00;budget;37.5;9.34
2006;Q3 2006;Aug 2006;01:00;pop/rock;6756.219999999996;2736.2399999999993
2008;Q1 2008;Feb 2008;14:00;singles;952.3699999999998;2285.6900000000005
2007;Q3 2007;Aug 2007;04:00;dvd/video;7386.699999999997;3316.3900000000003
2007;Q2 2007;Jun 2007;01:00;dvd/video;2039.4;1140.1
2006;Q4 2006;Oct 2006;23:00;dvd/video;7922.799999999994;3861.1800000000003
2008;Q1 2008;Feb 2008;08:00;dvd/video;8847.419999999996;4175.44
2007;Q1 2007;Feb 2007;23:00;skandinavisk;270.0;729.01
2006;Q1 2006;Jan 2006;15:00;pop/rock;2068.5000000000005;0.0
2007;Q1 2007;Jan 2007;06:00;pop/rock;1339.45;732.96
2006;Q4 2006;Nov 2006;07:00;pop/rock;42182.800000000025;2640.44
2007;Q3 2007;Sep 2007;00:00;dvd/video;13706.939999999991;6596.480000000003
2007;Q4 2007;Nov 2007;08:00;pop/rock;3497.2100000000014;1836.5499999999995
2007;Q2 2007;Apr 2007;23:00;pop/rock;1439.2500000000002;939.96
2007;Q2 2007;Jun 2007;13:00;budget;80.0;47.13
2006;Q3 2006;Sep 2006;19:00;dance;3567.9000000000015;1955.020000000001
2007;Q3 2007;Sep 2007;19:00;dance;35855.26000000017;20429.82
2006;Q4 2006;Oct 2006;08:00;pop/rock;8015.649999999992;2803.3300000000004
2007;Q3 2007;Jul 2007;13:00;skandinavisk;256283.70999999356;133292.28000000134
2006;Q3 2006;Jul 2006;18:00;skandinavisk;32709.500000000116;16986.899999999998
2006;Q4 2006;Nov 2006;20:00;jazz/blues;6639.939999999997;3361.83
2007;Q3 2007;Aug 2007;01:00;pop/rock;3517.5000000000014;1771.5500000000002
2006;Q3 2006;Aug 2006;17:00;jazz/blues;6551.2199999999975;3383.27
2006;Q4 2006;Dec 2006;14:00;jazz/blues;76357.23000000005;42361.679999999964
2007;Q4 2007;Oct 2007;17:00;klassisk;19935.210000000006;10589.459999999997
2007;Q1 2007;Mar 2007;17:00;jazz/blues;13821.99999999998;7839.190000000009
2007;Q4 2007;Oct 2007;00:00;dvd/video;1779.6000000000001;860.1599999999999
2007;Q2 2007;Jun 2007;12:00;dance;47332.18000000026;24844.230000000003
2006;Q3 2006;Jul 2006;18:00;games;266554.9499999975;137424.33000000007
2006;Q3 2006;Aug 2006;23:00;games;5338.799999999999;2267.14
2006;Q4 2006;Oct 2006;15:00;games;636612.7100000156;355084.1099999985
2006;Q4 2006;Oct 2006;13:00;games;509051.3700000096;280325.4600000005
2006;Q2 2006;Jun 2006;14:00;games;235543.3199999976;126920.69000000015
2006;Q2 2006;Jun 2006;11:00;games;132875.93999999927;70282.30000000003
2006;Q2 2006;Jun 2006;16:00;games;209611.63999999786;112465.64000000016
2006;Q2 2006;Jun 2006;10:00;games;64665.40000000016;34803.739999999976
2006;Q4 2006;Oct 2006;17:00;skandinavisk;189819.65999999564;106912.4699999993
2007;Q1 2007;Feb 2007;10:00;dance;7605.299999999993;4674.899999999997
2008;Q1 2008;Jan 2008;08:00;pop/rock;3487.700000000001;2005.4000000000003
2008;Q1 2008;Mar 2008;16:00;singles;390.90999999999997;1118.1000000000001
2007;Q4 2007;Oct 2007;12:00;jazz/blues;21557.830000000016;11104.609999999997
2007;Q3 2007;Aug 2007;14:00;jazz/blues;12725.53999999998;6611.279999999997
2006;Q4 2006;Dec 2006;21:00;merchandise;44721.61000000013;24087.28000000003
2006;Q3 2006;Sep 2006;13:00;skandinavisk;12493.199999999984;6921.270000000007
2006;Q3 2006;Aug 2006;14:00;jazz/blues;6336.399999999997;2969.6100000000006
2007;Q1 2007;Feb 2007;23:00;dvd/video;1604.9;838.44
2008;Q1 2008;Mar 2008;08:00;dvd/video;2199.5;953.92
2007;Q2 2007;Apr 2007;08:00;dvd/video;2899.100000000001;1384.3899999999999
2008;Q1 2008;Jan 2008;21:00;dance;1000.43;645.1299999999999
2006;Q2 2006;Jun 2006;21:00;dance;1589.0000000000002;857.8000000000001
2007;Q4 2007;Dec 2007;20:00;dance;87329.66999999962;46337.58000000001
2007;Q1 2007;Feb 2007;20:00;skandinavisk;12860.219999999983;9073.16
2006;Q4 2006;Oct 2006;19:00;skandinavisk;112301.43999999865;63752.63999999963
2007;Q1 2007;Mar 2007;09:00;skandinavisk;13846.89999999998;7608.649999999998
2007;Q2 2007;Apr 2007;09:00;games;33977.92000000004;18202.079999999994
2006;Q3 2006;Jul 2006;19:00;games;201247.15999999826;103922.46000000012
2006;Q3 2006;Jul 2006;20:00;games;93033.65999999977;45634.819999999985
2006;Q3 2006;Aug 2006;19:00;games;218638.55999999773;113378.63000000016
2006;Q3 2006;Aug 2006;12:00;games;291158.82999999885;149647.60999999996
2006;Q3 2006;Jul 2006;10:00;games;106055.52999999958;54497.099999999955
2006;Q2 2006;Jun 2006;17:00;games;219973.68999999794;118552.11000000006
2006;Q3 2006;Sep 2006;14:00;games;57317.270000000186;29741.559999999976
2006;Q2 2006;Jun 2006;19:00;games;135333.7699999992;72454.38000000002
2006;Q2 2006;Jun 2006;12:00;games;181365.7799999985;97334.57000000008
2006;Q2 2006;Jun 2006;23:00;games;3134.4;1563.0399999999997
2006;Q3 2006;Aug 2006;22:00;games;12698.409999999993;5792.920000000002
2006;Q3 2006;Sep 2006;20:00;games;8578.099999999997;4589.92
2006;Q3 2006;Sep 2006;10:00;games;12244.199999999992;6587.59
2007;Q2 2007;May 2007;20:00;games;67135.13000000009;36857.49999999998
2007;Q2 2007;May 2007;16:00;blancs;81002.39999999998;51432.77000000001
2007;Q2 2007;May 2007;15:00;blancs;60836.28999999999;38439.48999999999
2007;Q2 2007;May 2007;23:00;blancs;179.92000000000002;209.03
2006;Q3 2006;Jul 2006;18:00;jazz/blues;2798.400000000001;1395.78
2006;Q3 2006;Jul 2006;11:00;jazz/blues;2638.5000000000005;1335.13
2007;Q4 2007;Oct 2007;21:00;jazz/blues;2018.7000000000005;1042.87
2006;Q3 2006;Aug 2006;14:00;singles;12410.46999999998;8447.22000000002
2007;Q2 2007;Apr 2007;17:00;skandinavisk;42638.930000000204;23189.549999999967
2006;Q4 2006;Oct 2006;10:00;skandinavisk;110521.40999999871;62387.249999999876
2007;Q3 2007;Aug 2007;21:00;skandinavisk;7184.899999999995;3722.729999999999
2007;Q4 2007;Nov 2007;13:00;skandinavisk;349702.09000000573;185919.82000000292
2007;Q3 2007;Sep 2007;19:00;skandinavisk;87647.41999999959;47050.46999999958
2007;Q4 2007;Oct 2007;15:00;skandinavisk;377940.1200000107;204858.52999999857
2007;Q3 2007;Aug 2007;19:00;skandinavisk;85308.7799999997;47028.57999999991
2008;Q1 2008;Jan 2008;13:00;dance;80136.0099999999;42126.80999999984
2007;Q2 2007;Jun 2007;21:00;skandinavisk;8627.239999999993;4894.190000000001
2007;Q1 2007;Mar 2007;15:00;dance;37117.80000000016;19145.35999999998
2008;Q1 2008;Jan 2008;18:00;budget;189.8;71.46
2006;Q3 2006;Sep 2006;15:00;dance;5576.799999999998;2944.500000000001
2007;Q2 2007;Apr 2007;18:00;dance;18204.23999999999;9913.089999999997
2007;Q2 2007;Apr 2007;20:00;dance;4267.600000000001;2093.29
2007;Q3 2007;Jul 2007;03:00;dvd/video;6078.099999999998;2874.2000000000003
2007;Q2 2007;May 2007;02:00;dvd/video;1009.9;0.0
2006;Q3 2006;Aug 2006;23:00;budget;10.0;8.83
2007;Q3 2007;Sep 2007;17:00;budget;49.9;12.0
2008;Q1 2008;Feb 2008;17:00;budget;120.0;132.09
2008;Q1 2008;Mar 2008;19:00;singles;316.95;453.7
2008;Q1 2008;Jan 2008;17:00;singles;2260.0200000000013;6101.790000000003
2007;Q1 2007;Mar 2007;15:00;klassisk;5432.149999999999;2882.6700000000005
2007;Q2 2007;May 2007;16:00;klassisk;4032.3000000000015;2388.68
2007;Q2 2007;Jun 2007;13:00;jazz/blues;12410.219999999985;6714.610000000005
2007;Q2 2007;Jun 2007;23:00;dance;2443.500000000001;1396.77
2008;Q1 2008;Mar 2008;19:00;dance;17158.899999999976;8973.400000000009
2008;Q1 2008;Jan 2008;15:00;dance;87881.66999999968;46353.90999999987
2008;Q2 2008;Apr 2008;17:00;dance;3736.820000000002;1883.7300000000002
2007;Q4 2007;Nov 2007;11:00;dance;26623.17000000007;14652.709999999972
2007;Q4 2007;Oct 2007;16:00;dance;45878.470000000314;25339.629999999983
2007;Q1 2007;Mar 2007;09:00;dance;2988.200000000001;1455.72
2007;Q3 2007;Aug 2007;11:00;dance;24212.900000000038;12927.850000000002
2008;Q1 2008;Mar 2008;16:00;dance;26269.79000000007;14326.869999999999
2007;Q2 2007;May 2007;19:00;dance;16700.119999999977;9228.81
2006;Q4 2006;Nov 2006;14:00;dance;33528.90000000013;18364.700000000023
2006;Q3 2006;Aug 2006;20:00;dance;3727.700000000001;1750.8499999999995
2006;Q4 2006;Nov 2006;12:00;dance;26055.82000000006;14413.850000000002
2006;Q4 2006;Dec 2006;11:00;dance;60890.94000000039;34346.22999999998
2006;Q2 2006;Jun 2006;14:00;dance;11902.899999999983;6694.07
2006;Q2 2006;Jun 2006;13:00;dance;14570.999999999978;8085.809999999998
2007;Q2 2007;Apr 2007;17:00;dance;25262.53000000005;13319.530000000002
2007;Q2 2007;May 2007;17:00;dance;21692.220000000023;11680.039999999997
2007;Q4 2007;Dec 2007;19:00;dance;159701.49999999706;85883.80999999926
2007;Q3 2007;Aug 2007;10:00;dance;14899.699999999977;8188.959999999998
2007;Q1 2007;Mar 2007;19:00;dance;20672.010000000013;10347.5
2007;Q3 2007;Sep 2007;12:00;dance;44656.080000000235;24631.190000000006
2007;Q3 2007;Jul 2007;11:00;dance;39080.04000000017;21122.239999999998
2007;Q3 2007;Jul 2007;13:00;dance;76726.42000000006;41515.249999999956
2007;Q3 2007;Jul 2007;10:00;dance;20274.240000000005;10740.13
2008;Q1 2008;Mar 2008;12:00;dance;25996.370000000064;13971.299999999992
2007;Q3 2007;Aug 2007;18:00;dance;30766.66000000008;16745.520000000008
2007;Q3 2007;Sep 2007;22:00;dance;3187.900000000001;1728.02
2007;Q4 2007;Oct 2007;12:00;dance;30651.32000000009;16595.009999999995
2007;Q2 2007;May 2007;11:00;jazz/blues;12967.499999999982;7545.820000000001
2008;Q1 2008;Feb 2008;15:00;jazz/blues;18503.019999999993;9720.260000000002
2007;Q1 2007;Mar 2007;13:00;klassisk;6390.699999999997;3209.5400000000004
2007;Q1 2007;Jan 2007;19:00;klassisk;2198.600000000001;1237.5
2008;Q1 2008;Jan 2008;18:00;klassisk;11202.899999999987;5975.839999999997
2008;Q1 2008;Mar 2008;18:00;klassisk;6094.699999999995;4009.32
2008;Q1 2008;Feb 2008;22:00;klassisk;249.8;161.94
2007;Q2 2007;Apr 2007;13:00;klassisk;3862.3000000000015;2008.1900000000007
2007;Q1 2007;Jan 2007;12:00;klassisk;7645.1999999999925;4019.0499999999975
2007;Q3 2007;Sep 2007;17:00;klassisk;25652.700000000055;13238.449999999995
2007;Q2 2007;Apr 2007;15:00;klassisk;3547.3000000000015;1850.8100000000009
2006;Q4 2006;Nov 2006;20:00;klassisk;2538.3200000000006;957.3499999999999
2006;Q4 2006;Nov 2006;16:00;klassisk;13321.39999999998;5389.899999999994
2007;Q1 2007;Jan 2007;17:00;klassisk;5206.199999999998;2727.01
2007;Q1 2007;Jan 2007;13:00;klassisk;5376.299999999998;3086.269999999998
2006;Q3 2006;Sep 2006;17:00;klassisk;439.6;218.82
2007;Q4 2007;Oct 2007;18:00;klassisk;14660.499999999978;7587.499999999998
2007;Q3 2007;Sep 2007;15:00;klassisk;31027.8200000001;16525.319999999996
2007;Q2 2007;Apr 2007;12:00;klassisk;3178.0000000000014;1590.7600000000004
2007;Q3 2007;Sep 2007;11:00;klassisk;32387.170000000115;17192.71
2007;Q1 2007;Mar 2007;19:00;klassisk;1508.8000000000002;745.4899999999999
2007;Q2 2007;Jun 2007;10:00;klassisk;3132.900000000001;1391.4999999999998
2007;Q4 2007;Dec 2007;17:00;klassisk;202897.33999999543;108283.12999999983
2007;Q1 2007;Feb 2007;14:00;klassisk;5195.499999999999;2733.1199999999994
2007;Q1 2007;Jan 2007;14:00;klassisk;5705.899999999997;3052.1099999999983
2007;Q1 2007;Feb 2007;15:00;klassisk;4007.4000000000015;2169.6600000000003
2007;Q3 2007;Jul 2007;15:00;skandinavisk;234248.27999999438;123236.41000000155
2007;Q1 2007;Feb 2007;09:00;skandinavisk;9224.31999999999;5376.41
2007;Q1 2007;Mar 2007;12:00;skandinavisk;123567.13999999831;64136.64999999996
2007;Q3 2007;Sep 2007;17:00;skandinavisk;158923.63999999702;85495.3899999997
2007;Q2 2007;Apr 2007;16:00;skandinavisk;40962.02000000019;22770.549999999974
2006;Q3 2006;Jul 2006;09:00;skandinavisk;13201.999999999982;6937.990000000001
2006;Q4 2006;Dec 2006;17:00;skandinavisk;997051.1600000982;521874.390000034
2006;Q3 2006;Aug 2006;11:00;skandinavisk;54003.710000000305;26911.30999999998
2006;Q4 2006;Dec 2006;22:00;skandinavisk;34796.26000000013;17865.04000000004
2006;Q4 2006;Nov 2006;17:00;skandinavisk;330371.1900000026;181624.9000000019
2006;Q4 2006;Oct 2006;15:00;skandinavisk;227064.6699999942;127671.15999999957
2006;Q4 2006;Nov 2006;14:00;skandinavisk;438833.3500000187;240203.3100000052
2006;Q3 2006;Aug 2006;13:00;skandinavisk;74862.20000000007;37679.08999999996
2006;Q2 2006;Jun 2006;15:00;skandinavisk;31472.730000000105;16594.450000000026
2007;Q1 2007;Jan 2007;20:00;skandinavisk;16590.31999999997;12402.520000000013
2006;Q4 2006;Oct 2006;20:00;skandinavisk;30154.71000000011;16754.02999999997
2006;Q2 2006;Jun 2006;08:00;skandinavisk;989.4;515.4100000000001
2006;Q3 2006;Aug 2006;19:00;skandinavisk;29973.520000000095;15151.160000000007
2006;Q3 2006;Sep 2006;14:00;skandinavisk;9514.69999999999;5137.440000000001
2007;Q3 2007;Jul 2007;11:00;skandinavisk;175004.3599999965;90934.87000000075
2007;Q3 2007;Jul 2007;10:00;skandinavisk;95529.89999999935;49966.5399999996
2007;Q4 2007;Oct 2007;16:00;skandinavisk;336695.60000000434;182729.46999999817
2007;Q1 2007;Feb 2007;13:00;skandinavisk;115232.3599999986;64788.15999999997
2007;Q3 2007;Aug 2007;09:00;skandinavisk;20238.920000000006;11064.220000000005
2007;Q2 2007;May 2007;08:00;skandinavisk;814.5;466.37
2007;Q2 2007;Jun 2007;17:00;skandinavisk;122280.51999999835;65438.980000000345
2006;Q4 2006;Oct 2006;18:00;dance;31090.22000000011;17418.119999999966
2006;Q2 2006;Jun 2006;22:00;dance;944.4999999999999;549.64
2007;Q2 2007;May 2007;09:00;singles;553.7799999999999;379.3
2006;Q4 2006;Nov 2006;18:00;jazz/blues;38506.26000000016;20746.820000000007
2006;Q4 2006;Nov 2006;09:00;dance;4207.4000000000015;2316.66
2007;Q1 2007;Mar 2007;22:00;skandinavisk;1019.5999999999999;984.1899999999999
2008;Q1 2008;Feb 2008;06:00;pop/rock;4666.400000000001;2494.7
2006;Q4 2006;Nov 2006;16:00;jazz/blues;48170.540000000256;25418.360000000004
2007;Q2 2007;May 2007;13:00;dance;20690.34000000001;12198.980000000003
2007;Q2 2007;Apr 2007;09:00;skandinavisk;7135.899999999995;3901.14
2008;Q1 2008;Feb 2008;18:00;jazz/blues;7822.419999999994;4036.1299999999983
2007;Q3 2007;Aug 2007;11:00;jazz/blues;10772.099999999986;5652.2599999999975
2007;Q3 2007;Aug 2007;10:00;jazz/blues;5396.199999999999;2795.22
2008;Q1 2008;Jan 2008;16:00;jazz/blues;14291.209999999977;7566.379999999994
2007;Q4 2007;Dec 2007;16:00;jazz/blues;36858.180000000146;19182.789999999986
2007;Q3 2007;Jul 2007;14:00;jazz/blues;15761.319999999976;8102.73
2007;Q3 2007;Jul 2007;15:00;jazz/blues;13370.61999999998;6874.959999999996
2007;Q3 2007;Jul 2007;13:00;jazz/blues;12835.729999999983;6793.92
2007;Q3 2007;Jul 2007;11:00;jazz/blues;8394.599999999991;4281.91
2007;Q3 2007;Sep 2007;10:00;jazz/blues;13531.799999999981;7076.49
2007;Q4 2007;Oct 2007;10:00;jazz/blues;12082.299999999985;6246.39
2007;Q4 2007;Oct 2007;20:00;jazz/blues;4167.4000000000015;2134.45
2007;Q3 2007;Jul 2007;20:00;jazz/blues;2927.900000000001;1439.31
2007;Q3 2007;Aug 2007;18:00;jazz/blues;10491.599999999984;5590.599999999998
2008;Q1 2008;Jan 2008;17:00;jazz/blues;11751.499999999982;6336.2999999999965
2008;Q1 2008;Jan 2008;18:00;jazz/blues;7362.139999999995;3872.9199999999996
2007;Q4 2007;Oct 2007;11:00;jazz/blues;17698.799999999985;9305.289999999997
2007;Q4 2007;Oct 2007;19:00;jazz/blues;10221.01999999999;5308.36
2007;Q4 2007;Nov 2007;15:00;jazz/blues;22902.82000000003;11700.249999999996
2007;Q4 2007;Nov 2007;10:00;jazz/blues;10643.099999999988;5412.299999999999
2007;Q4 2007;Oct 2007;14:00;jazz/blues;24929.550000000043;12755.349999999997
2007;Q4 2007;Nov 2007;13:00;jazz/blues;18777.999999999993;9878.43
2007;Q4 2007;Dec 2007;11:00;jazz/blues;23273.100000000028;12153.060000000003
2008;Q1 2008;Mar 2008;17:00;jazz/blues;8668.639999999992;4773.4
2007;Q4 2007;Nov 2007;17:00;jazz/blues;13478.719999999981;7040.979999999996
2007;Q4 2007;Dec 2007;14:00;jazz/blues;38279.200000000164;20211.189999999988
2007;Q4 2007;Dec 2007;18:00;jazz/blues;20937.140000000007;11180.54000000001
2008;Q1 2008;Jan 2008;15:00;jazz/blues;16451.909999999974;8608.119999999992
2007;Q4 2007;Dec 2007;17:00;jazz/blues;25682.640000000047;13568.920000000011
2008;Q1 2008;Mar 2008;14:00;jazz/blues;11906.939999999984;6268.289999999996
2008;Q1 2008;Feb 2008;14:00;jazz/blues;20919.140000000014;11170.170000000006
2008;Q1 2008;Mar 2008;11:00;jazz/blues;7909.399999999992;4472.25
2008;Q1 2008;Jan 2008;12:00;jazz/blues;11322.399999999985;5884.209999999996
2008;Q1 2008;Feb 2008;11:00;jazz/blues;13811.099999999982;7243.629999999997
2007;Q4 2007;Nov 2007;19:00;jazz/blues;7634.799999999995;3996.0200000000004
2007;Q4 2007;Oct 2007;13:00;jazz/blues;22485.500000000025;11789.169999999993
2007;Q3 2007;Jul 2007;16:00;jazz/blues;10152.699999999988;5205.61
2007;Q3 2007;Aug 2007;12:00;jazz/blues;11479.119999999984;5918.509999999997
2007;Q3 2007;Aug 2007;22:00;jazz/blues;1299.0;601.88
2007;Q3 2007;Aug 2007;20:00;jazz/blues;2308.4000000000005;1206.58
2007;Q3 2007;Aug 2007;13:00;jazz/blues;15696.019999999975;8371.490000000005
2007;Q3 2007;Aug 2007;16:00;jazz/blues;13417.919999999978;6845.729999999998
2007;Q3 2007;Jul 2007;18:00;jazz/blues;7284.999999999994;3712.4300000000003
2007;Q3 2007;Sep 2007;12:00;jazz/blues;26298.31000000006;13441.16
2007;Q3 2007;Jul 2007;19:00;jazz/blues;5571.419999999998;2934.05
2007;Q1 2007;Jan 2007;17:00;jazz/blues;12852.799999999981;11616.429999999997
2008;Q1 2008;Feb 2008;09:00;jazz/blues;2238.5000000000005;1171.0100000000002
2008;Q1 2008;Mar 2008;12:00;jazz/blues;10417.399999999987;5635.999999999999
2007;Q4 2007;Nov 2007;12:00;jazz/blues;17058.999999999978;8887.86
2007;Q3 2007;Sep 2007;14:00;jazz/blues;28354.16000000007;14722.289999999995
2007;Q3 2007;Sep 2007;17:00;jazz/blues;26962.900000000063;13876.119999999995
2007;Q3 2007;Jul 2007;21:00;jazz/blues;549.6;279.89
2007;Q4 2007;Dec 2007;19:00;jazz/blues;16060.959999999974;8503.82
2007;Q4 2007;Nov 2007;20:00;jazz/blues;3587.5000000000014;1889.87
2007;Q3 2007;Sep 2007;18:00;jazz/blues;20901.560000000005;10648.319999999998
2008;Q1 2008;Jan 2008;10:00;jazz/blues;6205.999999999997;3216.25
2008;Q1 2008;Jan 2008;14:00;jazz/blues;14160.699999999977;7456.529999999993
2007;Q4 2007;Dec 2007;13:00;jazz/blues;31933.1200000001;16715.180000000004
2007;Q4 2007;Nov 2007;14:00;jazz/blues;19447.6;9990.179999999997
2008;Q1 2008;Feb 2008;12:00;jazz/blues;19490.110000000004;10215.150000000001
2008;Q2 2008;Apr 2008;12:00;jazz/blues;1653.6100000000004;921.2400000000001
2007;Q3 2007;Sep 2007;11:00;jazz/blues;21636.20000000002;11128.269999999999
2007;Q1 2007;Feb 2007;18:00;jazz/blues;6156.699999999997;3627.9299999999994
2008;Q1 2008;Feb 2008;20:00;jazz/blues;2388.5000000000005;1278.7
2007;Q3 2007;Jul 2007;17:00;jazz/blues;8193.699999999992;4222.38
2007;Q1 2007;Jan 2007;11:00;jazz/blues;8977.11999999999;5749.740000000002
2007;Q3 2007;Jul 2007;10:00;jazz/blues;5394.019999999998;2905.3900000000003
2008;Q1 2008;Mar 2008;19:00;jazz/blues;3715.0200000000013;2035.63
2007;Q4 2007;Oct 2007;22:00;jazz/blues;739.4;382.19
2007;Q3 2007;Jul 2007;22:00;jazz/blues;719.5;243.70999999999998
2007;Q1 2007;Mar 2007;20:00;games;85525.8699999999;46468.70000000003
2007;Q3 2007;Aug 2007;19:00;merchandise;93743.75999999949;50488.64999999994
2007;Q3 2007;Aug 2007;11:00;merchandise;80340.14999999978;41566.10999999994
2007;Q3 2007;Aug 2007;10:00;merchandise;55625.56000000021;30583.639999999992
2008;Q1 2008;Jan 2008;12:00;merchandise;114566.47999999956;63096.98999999981
2008;Q1 2008;Jan 2008;13:00;merchandise;191325.46999999814;107713.27000000006
2008;Q1 2008;Jan 2008;19:00;merchandise;119401.01999999952;66554.2699999999
2008;Q1 2008;Jan 2008;20:00;merchandise;28626.630000000012;15870.05
2007;Q2 2007;Jun 2007;09:00;merchandise;12866.74999999998;6364.140000000004
2007;Q2 2007;Jun 2007;12:00;merchandise;107769.29999999903;55958.83999999994
2007;Q2 2007;Jun 2007;19:00;merchandise;79295.56000000006;41371.91999999993
2007;Q2 2007;Jun 2007;20:00;merchandise;26695.36000000006;14105.599999999988
2007;Q3 2007;Jul 2007;09:00;merchandise;15127.309999999978;6243.440000000003
2007;Q3 2007;Jul 2007;10:00;merchandise;57703.800000000236;31926.47999999999
2007;Q4 2007;Oct 2007;20:00;merchandise;18452.029999999988;9341.89999999999
2007;Q2 2007;Jun 2007;23:00;merchandise;1583.9000000000003;865.34
2007;Q2 2007;Jun 2007;21:00;merchandise;10266.48999999999;5638.510000000003
2007;Q4 2007;Dec 2007;20:00;merchandise;85998.06000000013;42855.16999999997
2007;Q2 2007;Jun 2007;22:00;merchandise;7493.069999999998;4276.850000000002
2008;Q2 2008;Apr 2008;17:00;merchandise;21132.859999999997;11803.789999999997
2007;Q2 2007;May 2007;19:00;merchandise;78178.85000000005;48335.280000000064
2008;Q1 2008;Mar 2008;17:00;merchandise;127411.55999999914;69698.43000000005
2008;Q1 2008;Mar 2008;15:00;merchandise;146845.0799999987;76551.1100000005
2008;Q1 2008;Mar 2008;13:00;merchandise;133725.41999999937;69083.11999999992
2007;Q1 2007;Mar 2007;11:00;merchandise;102495.48999999983;54444.01999999995
2007;Q1 2007;Mar 2007;16:00;merchandise;182458.09999999744;95462.88999999975
2007;Q4 2007;Oct 2007;10:00;merchandise;50675.82000000017;25767.319999999945
2007;Q2 2007;Apr 2007;15:00;merchandise;126966.98999999888;66058.3799999997
2008;Q1 2008;Mar 2008;11:00;merchandise;84034.57000000002;42058.529999999904
2007;Q1 2007;Feb 2007;20:00;merchandise;25181.450000000048;13933.09999999999
2008;Q1 2008;Mar 2008;09:00;merchandise;10868.49999999999;5406.770000000002
2008;Q1 2008;Mar 2008;10:00;merchandise;55649.61000000018;29957.880000000005
2007;Q3 2007;Jul 2007;03:00;merchandise;949.6999999999999;401.97
2007;Q3 2007;Jul 2007;01:00;merchandise;456.56;186.42000000000002
2007;Q3 2007;Jul 2007;23:00;merchandise;776.5899999999999;380.31999999999994
2007;Q1 2007;Feb 2007;09:00;merchandise;10631.169999999986;5252.960000000001
2007;Q2 2007;Apr 2007;20:00;merchandise;18478.61999999997;9095.28
2007;Q4 2007;Oct 2007;09:00;merchandise;15670.659999999978;7710.869999999999
2007;Q1 2007;Mar 2007;21:00;merchandise;7365.799999999999;4889.25
2007;Q1 2007;Mar 2007;20:00;merchandise;29496.48000000004;16228.739999999994
2007;Q4 2007;Oct 2007;22:00;merchandise;3590.5799999999995;1747.8200000000002
2008;Q1 2008;Jan 2008;10:00;merchandise;54376.63000000031;27013.459999999974
2007;Q2 2007;May 2007;21:00;merchandise;10053.779999999997;8248.28
2008;Q1 2008;Jan 2008;09:00;merchandise;8809.419999999993;4805.8600000000015
2007;Q4 2007;Dec 2007;09:00;merchandise;31432.450000000023;16641.790000000008
2007;Q4 2007;Dec 2007;21:00;merchandise;53115.40000000007;29507.139999999992
2007;Q4 2007;Nov 2007;22:00;merchandise;4752.31;2722.9700000000007
2007;Q4 2007;Nov 2007;10:00;merchandise;58123.43000000024;32003.769999999895
2007;Q4 2007;Dec 2007;23:00;merchandise;3076.3200000000006;1433.26
2007;Q4 2007;Nov 2007;20:00;merchandise;33647.57000000007;17241.989999999994
2007;Q4 2007;Nov 2007;21:00;merchandise;6455.339999999997;3069.690000000001
2008;Q1 2008;Feb 2008;11:00;merchandise;92941.7299999999;50533.31999999983
2008;Q1 2008;Feb 2008;13:00;merchandise;156242.83999999866;82656.4600000004
2008;Q1 2008;Feb 2008;15:00;merchandise;208343.23999999784;112359.71000000038
2008;Q1 2008;Feb 2008;18:00;merchandise;119736.54999999964;66612.4099999999
2008;Q1 2008;Feb 2008;12:00;merchandise;109918.98000000004;58816.370000000294
2007;Q4 2007;Dec 2007;22:00;merchandise;9353.199999999997;4937.13
2008;Q2 2008;Apr 2008;13:00;merchandise;10937.549999999994;5460.770000000002
2008;Q2 2008;Apr 2008;11:00;merchandise;9552.219999999992;4938.5599999999995
2008;Q2 2008;Apr 2008;18:00;merchandise;12124.39999999999;5820.840000000001
2008;Q2 2008;Apr 2008;16:00;merchandise;24671.89000000001;13487.299999999994
2008;Q2 2008;Apr 2008;14:00;merchandise;18866.99;10177.249999999993
2008;Q1 2008;Feb 2008;09:00;merchandise;12405.72999999999;6759.310000000001
2008;Q1 2008;Feb 2008;20:00;merchandise;24703.210000000017;13280.929999999995
2008;Q1 2008;Feb 2008;21:00;merchandise;4395.430000000001;2520.3099999999995
2008;Q2 2008;Apr 2008;12:00;merchandise;10438.459999999995;5966.089999999999
2008;Q2 2008;Apr 2008;10:00;merchandise;3882.3800000000006;1980.8200000000002
2007;Q3 2007;Sep 2007;19:00;merchandise;76519.46000000005;40236.18999999984
2007;Q2 2007;Jun 2007;00:00;merchandise;1125.8600000000001;562.0300000000001
2007;Q4 2007;Nov 2007;09:00;merchandise;12105.019999999986;5849.9800000000005
2007;Q3 2007;Aug 2007;20:00;merchandise;37078.73000000009;21517.449999999986
2007;Q1 2007;Jan 2007;10:00;merchandise;54623.390000000276;28440.40999999993
2007;Q1 2007;Jan 2007;21:00;merchandise;7721.129999999994;4148.32
2007;Q1 2007;Jan 2007;22:00;merchandise;4590.09;2578.78
2007;Q3 2007;Sep 2007;09:00;merchandise;15206.319999999972;9506.359999999993
2008;Q1 2008;Mar 2008;21:00;merchandise;2376.21;1243.38
2007;Q2 2007;Apr 2007;21:00;merchandise;3867.840000000002;1944.230000000001
2006;Q4 2006;Oct 2006;20:00;merchandise;22940.530000000053;12034.449999999932
2006;Q3 2006;Aug 2006;09:00;merchandise;10803.809999999981;5536.280000000001
2006;Q3 2006;Aug 2006;00:00;merchandise;1222.7200000000003;464.33999999999975
2006;Q3 2006;Aug 2006;22:00;merchandise;6241.059999999994;2585.3700000000053
2006;Q4 2006;Oct 2006;09:00;merchandise;12045.499999999976;5706.869999999988
2006;Q3 2006;Aug 2006;10:00;merchandise;45546.11000000031;20811.59000000033
2006;Q4 2006;Nov 2006;09:00;merchandise;12552.219999999978;6464.66
2006;Q3 2006;Jul 2006;21:00;merchandise;13665.939999999975;6878.7999999999665
2006;Q3 2006;Jul 2006;23:00;merchandise;1306.1599999999999;697.59
2007;Q1 2007;Jan 2007;20:00;merchandise;39296.6600000001;21560.920000000016
2006;Q3 2006;Aug 2006;23:00;merchandise;2675.6000000000013;1266.4600000000016
2006;Q4 2006;Dec 2006;23:00;merchandise;5543.490000000001;2829.49
2006;Q4 2006;Dec 2006;22:00;merchandise;14121.929999999988;7501.069999999997
2006;Q3 2006;Jul 2006;08:00;merchandise;1369.5000000000002;725.9499999999999
2006;Q4 2006;Oct 2006;22:00;merchandise;4587.439999999997;2329.7300000000037
2006;Q3 2006;Aug 2006;08:00;merchandise;832.9399999999998;378.3499999999999
2006;Q4 2006;Oct 2006;21:00;merchandise;9647.21999999999;5627.2499999999845
2006;Q4 2006;Nov 2006;21:00;merchandise;6345.299999999992;3575.130000000001
2006;Q4 2006;Nov 2006;22:00;merchandise;5661.829999999996;3528.189999999999
2006;Q3 2006;Jul 2006;22:00;merchandise;7885.84999999999;3963.9600000000046
2006;Q2 2006;Jun 2006;21:00;merchandise;14844.029999999988;9253.540000000008
2006;Q3 2006;Sep 2006;20:00;merchandise;4198.100000000002;1862.5700000000031
2006;Q3 2006;Sep 2006;11:00;merchandise;11757.99999999998;5668.679999999964
2006;Q3 2006;Sep 2006;10:00;merchandise;6648.009999999991;3237.010000000003
2006;Q3 2006;Sep 2006;22:00;merchandise;1447.0100000000002;685.5100000000001
2006;Q3 2006;Sep 2006;09:00;merchandise;2564.950000000001;1211.520000000001
2006;Q2 2006;Jun 2006;23:00;merchandise;2160.6600000000008;1083.17
2008;Q1 2008;Feb 2008;22:00;merchandise;2981.26;1711.8200000000002
2007;Q1 2007;Mar 2007;22:00;merchandise;3679.570000000001;1958.8400000000006
2007;Q3 2007;Sep 2007;20:00;merchandise;27650.950000000015;15950.349999999995
2007;Q2 2007;May 2007;09:00;merchandise;10854.329999999989;6507.450000000005
2007;Q2 2007;Apr 2007;22:00;merchandise;2605.610000000001;1490.4100000000005
2007;Q2 2007;May 2007;01:00;merchandise;509.9;0.0
2007;Q4 2007;Oct 2007;21:00;merchandise;9090.64;4899.670000000002
2007;Q2 2007;May 2007;08:00;merchandise;776.37;377.21000000000004
2007;Q3 2007;Aug 2007;08:00;merchandise;806.17;338.1
2007;Q3 2007;Sep 2007;01:00;merchandise;426.56000000000006;199.41000000000003
2008;Q1 2008;Jan 2008;21:00;merchandise;5955.389999999999;3135.8500000000004
2007;Q1 2007;Feb 2007;21:00;merchandise;7728.0999999999985;4680.380000000001
2007;Q3 2007;Sep 2007;22:00;merchandise;1742.1100000000001;822.6099999999998
2007;Q4 2007;Dec 2007;08:00;merchandise;3266.86;2037.2900000000002
2007;Q3 2007;Aug 2007;22:00;merchandise;9358.289999999997;5963.180000000001
2007;Q4 2007;Oct 2007;08:00;merchandise;1769.4;840.8699999999999
2007;Q3 2007;Aug 2007;21:00;merchandise;7194.7199999999975;4378.080000000003
2007;Q3 2007;Aug 2007;02:00;merchandise;919.6;237.44000000000003
2007;Q1 2007;Feb 2007;22:00;merchandise;2907.3700000000003;1597.77
2006;Q1 2006;Jan 2006;15:00;merchandise;199.8;0.0
2008;Q2 2008;Apr 2008;09:00;merchandise;469.49;229.70999999999998
2008;Q1 2008;Feb 2008;08:00;merchandise;824.4799999999999;334.16
2007;Q2 2007;Apr 2007;08:00;merchandise;516.16;239.54
2006;Q3 2006;Sep 2006;21:00;merchandise;1169.3100000000004;648.0799999999996
2006;Q1 2006;Jan 2006;16:00;merchandise;309.8;140.0
2006;Q1 2006;Jan 2006;14:00;merchandise;599.6;0.0
2006;Q2 2006;Jun 2006;22:00;merchandise;4898.199999999999;2898.3900000000053
2006;Q4 2006;Nov 2006;08:00;merchandise;1150.48;486.23999999999995
2008;Q2 2008;Apr 2008;12:00;skandinavisk;15448.199999999972;8390.790000000005
2007;Q4 2007;Oct 2007;10:00;skandinavisk;195391.74999999572;105589.87000000046
2006;Q4 2006;Dec 2006;19:00;skandinavisk;578363.9000000372;303391.36000000825
2006;Q3 2006;Jul 2006;15:00;skandinavisk;68621.8300000003;36220.759999999995
2006;Q4 2006;Oct 2006;18:00;skandinavisk;151242.37999999715;86046.3299999995
2006;Q3 2006;Aug 2006;09:00;skandinavisk;9184.49999999999;4655.1900000000005
2007;Q4 2007;Dec 2007;20:00;skandinavisk;174612.85999999658;93129.78999999915
2007;Q2 2007;May 2007;21:00;dance;1441.6200000000001;763.59
2008;Q1 2008;Jan 2008;19:00;dance;43575.04000000022;23088.329999999976
2007;Q2 2007;Apr 2007;12:00;dance;22499.34000000002;11317.960000000001
2006;Q3 2006;Aug 2006;10:00;games;107730.18999999955;55260.550000000025
2006;Q3 2006;Sep 2006;13:00;games;49249.84000000015;25705.27
2007;Q3 2007;Aug 2007;09:00;games;28521.940000000024;15756.190000000006
2007;Q3 2007;Jul 2007;18:00;dance;45831.79000000021;24641.11999999999
2007;Q2 2007;May 2007;19:00;budget;50.0;41.58
2007;Q1 2007;Mar 2007;12:00;budget;129.9;53.91
2008;Q1 2008;Feb 2008;13:00;singles;1012.7199999999997;1888.0299999999997
2007;Q1 2007;Feb 2007;15:00;international;1619.1000000000004;1065.67
2007;Q4 2007;Nov 2007;12:00;skandinavisk;341955.08000000485;181910.15000000288
2007;Q4 2007;Oct 2007;19:00;skandinavisk;158287.92999999705;86059.09000000004
2007;Q4 2007;Oct 2007;14:00;skandinavisk;367408.0900000091;198517.16999999827
2007;Q2 2007;May 2007;10:00;dance;8408.009999999991;4463.88
2006;Q3 2006;Aug 2006;04:00;dvd/video;1019.5999999999999;0.0
2007;Q4 2007;Nov 2007;19:00;skandinavisk;160534.01999999708;86028.85999999967
2007;Q3 2007;Aug 2007;15:00;skandinavisk;166801.8799999967;90313.05999999988
2006;Q4 2006;Dec 2006;10:00;skandinavisk;634764.9800000458;329851.3000000102
2007;Q2 2007;Apr 2007;19:00;skandinavisk;24690.700000000048;13699.749999999995
2008;Q2 2008;Apr 2008;19:00;skandinavisk;6029.819999999997;3495.210000000001
2007;Q2 2007;Apr 2007;11:00;skandinavisk;58012.91000000034;31124.29999999997
2007;Q2 2007;Apr 2007;10:00;skandinavisk;36968.150000000154;19319.909999999974
2007;Q4 2007;Oct 2007;12:00;skandinavisk;363086.0700000082;194836.6299999979
2008;Q2 2008;Apr 2008;10:00;skandinavisk;6475.409999999996;3521.6500000000005
2008;Q2 2008;Apr 2008;14:00;skandinavisk;19285.699999999997;10925.880000000001
2007;Q4 2007;Nov 2007;10:00;skandinavisk;167191.16999999678;88323.66999999963
2006;Q4 2006;Dec 2006;09:00;skandinavisk;119648.85999999852;62485.489999999634
2007;Q4 2007;Nov 2007;17:00;skandinavisk;281033.6199999962;149469.88000000056
2007;Q1 2007;Feb 2007;21:00;skandinavisk;1359.4;1387.49
2006;Q4 2006;Nov 2006;20:00;skandinavisk;48299.07000000025;26386.33000000011
2006;Q3 2006;Sep 2006;12:00;skandinavisk;11443.999999999985;5896.770000000004
2006;Q4 2006;Dec 2006;21:00;dance;11647.479999999985;6721.439999999999
2006;Q3 2006;Aug 2006;16:00;dance;18683.759999999995;9673.510000000004
2006;Q3 2006;Aug 2006;14:00;dance;24685.22000000005;11946.660000000014
2007;Q4 2007;Nov 2007;18:00;dance;25621.12000000004;13814.339999999978
2007;Q1 2007;Feb 2007;11:00;dance;16670.069999999974;10040.58
2007;Q3 2007;Aug 2007;15:00;dance;47740.250000000255;25764.62
2006;Q3 2006;Jul 2006;10:00;dance;11265.719999999987;5876.390000000001
2006;Q3 2006;Aug 2006;10:00;dance;6423.519999999997;3169.219999999999
2006;Q3 2006;Aug 2006;12:00;dance;17527.219999999983;8839.030000000002
2007;Q3 2007;Jul 2007;21:00;dance;4986.719999999999;2474.9099999999994
2007;Q2 2007;Jun 2007;21:00;dance;5266.699999999999;2666.96
2006;Q3 2006;Jul 2006;13:00;international;2968.100000000001;1632.1200000000003
2007;Q4 2007;Dec 2007;14:00;klassisk;281971.5199999964;151247.71000000287
2007;Q1 2007;Feb 2007;13:00;klassisk;5077.0999999999985;2424.75
2007;Q1 2007;Feb 2007;17:00;budget;70.0;40.95
2007;Q1 2007;Mar 2007;13:00;jazz/blues;18689.099999999995;10631.829999999993
2008;Q1 2008;Jan 2008;15:00;klassisk;30937.330000000104;16378.850000000008
2007;Q4 2007;Dec 2007;18:00;klassisk;155904.1199999971;82508.81999999979
2008;Q1 2008;Mar 2008;12:00;klassisk;13818.339999999971;9552.579999999994
2006;Q2 2006;Jun 2006;12:00;jazz/blues;2746.4100000000008;1418.04
2006;Q2 2006;Jun 2006;21:00;jazz/blues;647.71;345.09
2007;Q3 2007;Jul 2007;12:00;singles;6647.430000000008;4721.74
2006;Q4 2006;Dec 2006;18:00;budget;80.0;24.42
2006;Q3 2006;Aug 2006;18:00;dance;18748.919999999995;8988.239999999998
2006;Q3 2006;Sep 2006;11:00;dance;4157.300000000001;2299.040000000002
2006;Q3 2006;Aug 2006;11:00;dance;13132.099999999982;6151.840000000001
2007;Q2 2007;Apr 2007;19:00;international;989.4;580.07
2008;Q1 2008;Mar 2008;14:00;international;4826.0;2471.970000000001
2006;Q3 2006;Jul 2006;19:00;international;2048.8000000000006;954.5400000000002
2006;Q3 2006;Jul 2006;21:00;skandinavisk;4272.3200000000015;2435.96
2006;Q2 2006;Jun 2006;21:00;skandinavisk;2667.1900000000005;1405.3
2007;Q2 2007;Jun 2007;22:00;dance;2288.600000000001;1257.7
2006;Q3 2006;Jul 2006;08:00;pop/rock;7708.389999999994;4352.289999999998
2007;Q4 2007;Nov 2007;01:00;pop/rock;399.4;215.01999999999998
2007;Q3 2007;Sep 2007;02:00;pop/rock;3417.2500000000014;1761.16
2007;Q3 2007;Sep 2007;01:00;pop/rock;3846.7000000000016;2031.4199999999998
2007;Q1 2007;Jan 2007;08:00;dvd/video;1389.8000000000002;732.35
2006;Q2 2006;Jun 2006;09:00;skandinavisk;4924.32;2441.5399999999995
2008;Q1 2008;Mar 2008;17:00;singles;486.61999999999995;976.46
2006;Q4 2006;Nov 2006;19:00;skandinavisk;190425.2999999959;104582.70999999938
2006;Q3 2006;Sep 2006;19:00;skandinavisk;3598.200000000001;1963.8400000000001
2007;Q3 2007;Jul 2007;20:00;skandinavisk;29430.44000000009;15580.459999999994
2006;Q3 2006;Sep 2006;08:00;dvd/video;1569.4;693.98
2007;Q3 2007;Aug 2007;12:00;budget;35.0;78.1
2007;Q1 2007;Feb 2007;14:00;budget;40.0;78.1
2006;Q3 2006;Aug 2006;21:00;games;25610.87000000002;12713.17
2007;Q4 2007;Nov 2007;22:00;games;18266.299999999996;10060.400000000001
2007;Q3 2007;Sep 2007;18:00;klassisk;20471.520000000008;10606.269999999999
2007;Q3 2007;Aug 2007;03:00;pop/rock;2418.4000000000005;825.68
2007;Q2 2007;Jun 2007;12:00;klassisk;3967.5000000000014;1992.5200000000007
2007;Q2 2007;Apr 2007;11:00;klassisk;2268.500000000001;1140.3500000000001
2007;Q3 2007;Aug 2007;19:00;klassisk;12891.499999999982;6695.870000000005
2006;Q3 2006;Jul 2006;20:00;klassisk;1498.9000000000003;480.21000000000004
2006;Q4 2006;Dec 2006;09:00;klassisk;9163.19999999999;4874.649999999996
2007;Q2 2007;May 2007;10:00;klassisk;2308.5000000000005;1260.1999999999998
2007;Q4 2007;Nov 2007;19:00;budget;99.9;30.0
2007;Q1 2007;Mar 2007;11:00;budget;219.9;87.67
2007;Q1 2007;Jan 2007;23:00;skandinavisk;150.0;306.61
2006;Q4 2006;Nov 2006;17:00;dance;34623.20000000014;19082.25000000002
2006;Q3 2006;Sep 2006;16:00;skandinavisk;12533.499999999984;6592.350000000002
2006;Q3 2006;Aug 2006;20:00;skandinavisk;12012.899999999983;6007.660000000003
2007;Q1 2007;Mar 2007;14:00;jazz/blues;23263.14000000004;12955.289999999979
2007;Q2 2007;Apr 2007;19:00;jazz/blues;15473.019999999977;8701.910000000002
2006;Q4 2006;Dec 2006;17:00;jazz/blues;56130.040000000336;30746.250000000015
2006;Q4 2006;Nov 2006;19:00;jazz/blues;27962.68000000007;15030.529999999999
2007;Q3 2007;Sep 2007;16:00;klassisk;31050.100000000108;16274.469999999996
2007;Q3 2007;Jul 2007;23:00;dance;719.4999999999999;517.0
2006;Q4 2006;Oct 2006;11:00;klassisk;2718.2000000000007;1329.09
2008;Q1 2008;Mar 2008;15:00;jazz/blues;12489.139999999983;6765.169999999996
2008;Q1 2008;Jan 2008;11:00;jazz/blues;9043.699999999992;4737.479999999998
2007;Q1 2007;Feb 2007;11:00;jazz/blues;4707.3;2813.959999999999
2008;Q2 2008;Apr 2008;18:00;jazz/blues;1538.9000000000003;705.72
2006;Q4 2006;Nov 2006;18:00;dance;28289.820000000076;16003.28
2006;Q2 2006;Jun 2006;15:00;international;3042.900000000001;1831.2799999999995
2007;Q2 2007;May 2007;19:00;jazz/blues;9482.409999999989;5702.050000000002
2007;Q2 2007;Jun 2007;14:00;jazz/blues;15121.829999999978;8218.630000000005
2006;Q3 2006;Aug 2006;21:00;skandinavisk;5024.719999999999;2477.5299999999997
2006;Q3 2006;Aug 2006;22:00;skandinavisk;3737.8200000000015;1850.4200000000005
2006;Q3 2006;Aug 2006;20:00;games;67645.48000000014;33469.899999999965
2006;Q4 2006;Oct 2006;10:00;games;158945.299999999;88244.82999999973
2006;Q4 2006;Oct 2006;12:00;games;518058.03000001074;252968.79000000082
2006;Q3 2006;Aug 2006;11:00;games;194859.7099999982;98929.58000000003
2006;Q4 2006;Nov 2006;20:00;games;98211.20999999973;53116.23999999999
2006;Q2 2006;Jun 2006;22:00;games;13599.999999999993;7501.920000000002
2006;Q3 2006;Sep 2006;17:00;games;49315.05000000013;25798.510000000017
2006;Q3 2006;Sep 2006;11:00;skandinavisk;9484.79999999999;4965.890000000002
2007;Q3 2007;Sep 2007;22:00;skandinavisk;4407.000000000001;2422.25
2007;Q3 2007;Sep 2007;16:00;skandinavisk;179980.42999999627;97016.97
2007;Q4 2007;Dec 2007;21:00;skandinavisk;67347.83000000034;36153.440000000046
2007;Q4 2007;Nov 2007;18:00;skandinavisk;219970.47999999492;117287.31000000026
2007;Q3 2007;Aug 2007;22:00;skandinavisk;5336.199999999999;2838.1600000000008
2008;Q1 2008;Mar 2008;18:00;singles;243.71;437.2099999999999
2006;Q4 2006;Nov 2006;17:00;klassisk;7580.099999999993;3587.139999999998
2008;Q1 2008;Feb 2008;17:00;international;13321.69999999998;6874.800000000001
2007;Q2 2007;May 2007;15:00;international;3922.8000000000015;2140.6900000000005
2007;Q1 2007;Feb 2007;19:00;dance;18156.419999999987;10485.200000000003
2006;Q4 2006;Oct 2006;20:00;games;71826.40000000008;39302.21999999996
2006;Q3 2006;Aug 2006;09:00;games;15799.899999999987;7283.75
2007;Q1 2007;Mar 2007;09:00;games;39931.00000000006;22087.899999999998
2007;Q1 2007;Mar 2007;21:00;games;12476.599999999995;6672.280000000002
2007;Q2 2007;Apr 2007;22:00;games;8750.919999999998;4549.3
2007;Q2 2007;Apr 2007;11:00;dance;16053.609999999975;8369.349999999999
2007;Q1 2007;Jan 2007;22:00;dance;1484.0000000000002;811.61
2006;Q3 2006;Jul 2006;18:00;dance;18573.899999999994;9459.849999999995
2008;Q1 2008;Mar 2008;15:00;international;4966.599999999999;2643.1600000000003
2008;Q2 2008;Apr 2008;18:00;dance;3330.1400000000017;1791.8200000000004
2006;Q3 2006;Jul 2006;20:00;dance;6016.419999999998;2848.64
2006;Q3 2006;Jul 2006;12:00;dance;21219.720000000016;10590.709999999994
2006;Q4 2006;Oct 2006;11:00;dance;25868.510000000064;14383.979999999987
2008;Q1 2008;Feb 2008;12:00;dance;31439.630000000103;17313.719999999994
2007;Q3 2007;Sep 2007;22:00;games;9437.299999999996;5430.350000000002
2008;Q2 2008;Apr 2008;21:00;pop/rock;869.4599999999999;527.0899999999999
2007;Q2 2007;Jun 2007;22:00;games;23670.810000000016;13567.409999999994
2008;Q2 2008;Apr 2008;17:00;games;65587.08000000016;34814.389999999985
2008;Q1 2008;Jan 2008;21:00;games;16686.959999999995;9110.279999999999
2008;Q1 2008;Mar 2008;09:00;games;26137.82000000002;14001.840000000007
2007;Q2 2007;Jun 2007;21:00;games;32143.230000000047;18158.87
2006;Q3 2006;Sep 2006;21:00;games;3589.13;2033.39
2006;Q4 2006;Nov 2006;22:00;games;10337.639999999996;6015.770000000001
2007;Q2 2007;May 2007;22:00;games;9468.599999999997;5503.95
2006;Q4 2006;Oct 2006;15:00;klassisk;2577.700000000001;1198.5799999999997
2006;Q3 2006;Sep 2006;15:00;klassisk;1119.0;520.03
2007;Q4 2007;Dec 2007;10:00;klassisk;157301.3399999971;83847.68999999957
2007;Q1 2007;Mar 2007;22:00;klassisk;79.9;31.64
2006;Q4 2006;Nov 2006;09:00;games;36509.700000000055;20328.689999999995
2006;Q4 2006;Nov 2006;21:00;games;32542.61000000004;18337.319999999992
2006;Q3 2006;Jul 2006;21:00;games;35518.57000000006;19120.459999999995
2007;Q1 2007;Jan 2007;13:00;international;1279.4;1236.0300000000002
2006;Q2 2006;Jun 2006;14:00;international;2768.3000000000006;1569.5200000000002
2008;Q1 2008;Mar 2008;17:00;dance;22969.96000000003;12560.100000000008
2006;Q4 2006;Nov 2006;21:00;skandinavisk;11722.609999999984;6536.589999999994
2007;Q2 2007;Jun 2007;22:00;skandinavisk;5601.699999999998;3169.829999999999
2008;Q2 2008;Apr 2008;17:00;skandinavisk;9915.899999999987;5513.630000000002
2007;Q4 2007;Dec 2007;09:00;skandinavisk;86656.38999999964;46060.16999999965
2007;Q4 2007;Dec 2007;23:00;skandinavisk;7315.199999999993;3955.2799999999993
2007;Q4 2007;Nov 2007;09:00;skandinavisk;29038.10000000008;15535.680000000035
2007;Q4 2007;Oct 2007;09:00;skandinavisk;34368.200000000135;18525.219999999947
2007;Q4 2007;Dec 2007;22:00;skandinavisk;17398.519999999982;9441.869999999999
2007;Q1 2007;Feb 2007;16:00;klassisk;5686.299999999997;3333.69
2006;Q2 2006;Jun 2006;09:00;dance;2278.620000000001;1265.51
2007;Q1 2007;Feb 2007;22:00;dance;679.6999999999999;608.16
2007;Q3 2007;Sep 2007;13:00;dance;49818.480000000316;27656.180000000004
2007;Q3 2007;Jul 2007;12:00;blancs;79287.84;54468.520000000004
2007;Q2 2007;Apr 2007;18:00;blancs;67081.12;44652.90000000001
2007;Q2 2007;May 2007;19:00;blancs;20070.389999999992;11757.23
2006;Q3 2006;Aug 2006;11:00;blancs;9713.499999999985;3871.279999999999
2008;Q1 2008;Mar 2008;11:00;blancs;52519.54000000002;36276.82
2007;Q2 2007;Apr 2007;12:00;blancs;78233.29999999997;51424.70000000001
2007;Q1 2007;Mar 2007;09:00;blancs;76624.82;53621.20000000001
2007;Q1 2007;Feb 2007;08:00;dvd/video;1269.5;658.2900000000001
2008;Q1 2008;Jan 2008;14:00;budget;80.0;79.32000000000001
2007;Q2 2007;May 2007;09:00;dance;2583.4000000000005;1368.86
2008;Q1 2008;Mar 2008;15:00;klassisk;11730.299999999977;7823.6299999999965
2007;Q2 2007;Jun 2007;01:00;skandinavisk;174.9;80.45
2007;Q3 2007;Jul 2007;09:00;skandinavisk;13801.03999999998;7188.450000000003
2006;Q4 2006;Dec 2006;21:00;skandinavisk;129907.91999999815;67273.38999999945
2007;Q4 2007;Oct 2007;20:00;skandinavisk;44891.59000000022;24476.36999999995
2007;Q2 2007;Jun 2007;18:00;dance;40744.58000000019;22105.030000000002
2008;Q1 2008;Feb 2008;11:00;dance;27225.970000000063;14925.24999999999
2007;Q2 2007;Apr 2007;16:00;dance;28173.320000000076;14449.169999999991
2006;Q4 2006;Dec 2006;10:00;dance;28376.710000000086;16040.830000000005
2006;Q4 2006;Nov 2006;13:00;dance;34635.320000000145;19201.39000000002
2006;Q2 2006;Jun 2006;10:00;dance;7823.119999999993;4276.609999999999
2006;Q2 2006;Jun 2006;11:00;dance;7990.019999999993;4523.349999999999
2007;Q2 2007;Jun 2007;16:00;dance;44836.470000000234;24088.870000000006
2008;Q2 2008;Apr 2008;12:00;dance;2671.410000000001;1357.8000000000002
2008;Q1 2008;Mar 2008;11:00;dance;19265.98999999999;10309.39000000001
2007;Q1 2007;Feb 2007;21:00;dance;1079.3;576.8399999999999
2006;Q4 2006;Dec 2006;10:00;jazz/blues;26011.620000000057;14415.549999999994
2006;Q4 2006;Dec 2006;00:00;skandinavisk;1079.3;509.13
2007;Q1 2007;Jan 2007;19:00;international;819.5999999999999;704.27
2007;Q2 2007;May 2007;12:00;jazz/blues;18883.799999999996;10516.74000000001
2007;Q2 2007;May 2007;18:00;jazz/blues;9419.59999999999;5231.260000000004
2008;Q1 2008;Mar 2008;09:00;skandinavisk;14940.099999999977;7998.120000000003
2006;Q3 2006;Jul 2006;21:00;dance;2838.400000000001;1603.35
2008;Q1 2008;Jan 2008;11:00;singles;1060.4199999999998;2789.0199999999995
2007;Q2 2007;Apr 2007;13:00;singles;6133.35;3964.1300000000006
2007;Q4 2007;Oct 2007;02:00;dvd/video;709.8;360.24
2007;Q2 2007;Apr 2007;14:00;budget;75.0;80.58
2006;Q3 2006;Jul 2006;22:00;skandinavisk;2593.3000000000006;1468.7500000000002
2008;Q1 2008;Mar 2008;20:00;singles;15.0;54.28
2008;Q1 2008;Feb 2008;20:00;singles;79.0;245.51
2007;Q2 2007;May 2007;21:00;games;22348.94000000002;13848.6
2007;Q1 2007;Jan 2007;00:00;pop/rock;429.79999999999995;202.72
2008;Q1 2008;Feb 2008;10:00;dance;19191.16;10538.610000000002
2007;Q1 2007;Jan 2007;09:00;dance;1629.0000000000002;1181.3899999999999
2008;Q1 2008;Jan 2008;22:00;international;699.4;437.13
2006;Q4 2006;Oct 2006;16:00;jazz/blues;13109.999999999984;6864.150000000001
2006;Q4 2006;Oct 2006;06:00;games;129.9;31.25
2007;Q3 2007;Jul 2007;00:00;games;1839.8000000000002;915.9399999999999
2007;Q3 2007;Sep 2007;21:00;games;13351.819999999994;7480.410000000001
2007;Q4 2007;Oct 2007;21:00;games;26554.42000000002;14796.949999999995
2007;Q3 2007;Aug 2007;00:00;games;2144.4;1033.12
2007;Q3 2007;Sep 2007;10:00;klassisk;21706.200000000023;11500.699999999999
2007;Q4 2007;Nov 2007;11:00;klassisk;81648.89999999985;43581.95999999995
2007;Q2 2007;May 2007;12:00;dance;16205.639999999976;8926.950000000003
2008;Q1 2008;Mar 2008;15:00;singles;607.6399999999999;1613.7499999999998
2008;Q1 2008;Feb 2008;19:00;singles;893.7399999999998;2216.7699999999995
2008;Q1 2008;Mar 2008;11:00;singles;251.72;528.8
2008;Q1 2008;Mar 2008;13:00;singles;518.7299999999999;1145.77
2007;Q2 2007;May 2007;02:00;pop/rock;1279.6000000000001;0.0
2007;Q2 2007;Apr 2007;21:00;skandinavisk;2018.9000000000003;1450.8
2007;Q1 2007;Jan 2007;12:00;jazz/blues;11462.499999999984;7477.340000000003
2007;Q1 2007;Mar 2007;15:00;jazz/blues;20790.830000000013;11388.93999999998
2007;Q1 2007;Feb 2007;18:00;klassisk;1519.0000000000002;765.32
2006;Q3 2006;Jul 2006;14:00;international;3906.6000000000013;2188.85
2006;Q3 2006;Aug 2006;20:00;international;1628.9000000000003;796.55
2006;Q2 2006;Jun 2006;17:00;international;2213.5000000000005;1217.8200000000002
2007;Q1 2007;Mar 2007;15:00;international;1896.3200000000004;968.6999999999998
2007;Q3 2007;Jul 2007;20:00;singles;1697.610000000001;1124.48
2007;Q4 2007;Oct 2007;22:00;games;15456.49999999999;8213.580000000002
2007;Q4 2007;Dec 2007;15:00;dance;325474.9800000017;174745.43000000244
2008;Q1 2008;Jan 2008;13:00;singles;1907.1100000000008;4809.540000000004
2008;Q1 2008;Jan 2008;14:00;singles;2374.0200000000013;6126.550000000004
2008;Q1 2008;Jan 2008;19:00;singles;1481.690000000001;3090.7799999999997
2007;Q1 2007;Feb 2007;18:00;budget;70.0;65.38
2006;Q2 2006;Jun 2006;22:00;skandinavisk;2625.7400000000007;1457.51
2007;Q2 2007;Jun 2007;15:00;jazz/blues;12487.699999999984;6551.470000000002
2007;Q2 2007;May 2007;15:00;klassisk;2603.2000000000007;1445.8900000000006
2008;Q1 2008;Mar 2008;08:00;pop/rock;2748.500000000001;1493.18
2006;Q3 2006;Sep 2006;11:00;games;28581.010000000042;14102.699999999995
2007;Q2 2007;Jun 2007;08:00;dvd/video;3808.7000000000007;1643.3599999999997
2007;Q3 2007;Aug 2007;07:00;pop/rock;2178.3000000000006;1090.0300000000002
2006;Q3 2006;Jul 2006;22:00;jazz/blues;539.6999999999999;329.40999999999997
2008;Q1 2008;Jan 2008;19:00;jazz/blues;4386.800000000001;2493.29
2007;Q1 2007;Feb 2007;09:00;jazz/blues;929.4;447.21000000000004
2007;Q1 2007;Mar 2007;18:00;klassisk;3477.3500000000013;1708.6699999999998
2006;Q3 2006;Sep 2006;14:00;klassisk;389.70000000000005;202.69
2006;Q2 2006;Jun 2006;20:00;klassisk;519.5;274.1
2006;Q2 2006;Jun 2006;09:00;klassisk;869.1999999999999;443.45
2007;Q3 2007;Aug 2007;02:00;games;1349.6;659.49
2008;Q1 2008;Feb 2008;13:00;jazz/blues;18492.939999999995;9841.800000000003
2007;Q1 2007;Jan 2007;20:00;dance;8992.54999999999;7391.610000000004
2006;Q3 2006;Aug 2006;23:00;jazz/blues;529.7;241.62
2007;Q2 2007;May 2007;17:00;jazz/blues;14786.319999999978;8090.7300000000005
2007;Q3 2007;Sep 2007;20:00;skandinavisk;21130.720000000016;11663.160000000009
2008;Q2 2008;Apr 2008;12:00;singles;132.0;478.04
2007;Q2 2007;May 2007;20:00;jazz/blues;3093.220000000001;2009.8599999999992
2007;Q4 2007;Nov 2007;17:00;dance;42169.670000000246;22396.340000000062
2007;Q1 2007;Feb 2007;17:00;jazz/blues;6873.719999999996;4150.990000000002
2007;Q1 2007;Feb 2007;16:00;jazz/blues;8650.199999999992;5577.450000000001
2007;Q4 2007;Oct 2007;00:00;pop/rock;739.3;341.73
2007;Q4 2007;Dec 2007;17:00;singles;2708.690000000004;1646.69
2007;Q2 2007;Apr 2007;16:00;jazz/blues;30698.12000000011;16846.20000000002
2007;Q1 2007;Mar 2007;16:00;jazz/blues;20166.950000000004;10786.08999999999
2007;Q1 2007;Mar 2007;12:00;international;769.5999999999999;527.68
2007;Q1 2007;Feb 2007;22:00;skandinavisk;1169.6;1061.28
2008;Q1 2008;Feb 2008;14:00;budget;49.9;26.42
2007;Q3 2007;Aug 2007;19:00;budget;49.9;26.42
2007;Q4 2007;Dec 2007;19:00;budget;149.9;55.989999999999995
2006;Q3 2006;Jul 2006;18:00;international;1699.0000000000002;929.84
2008;Q1 2008;Jan 2008;23:00;pop/rock;639.7;313.59999999999997
2008;Q1 2008;Jan 2008;16:00;singles;2243.8900000000017;6508.190000000002
2008;Q1 2008;Jan 2008;12:00;singles;1165.8899999999999;3507.440000000004
2007;Q1 2007;Feb 2007;14:00;singles;5640.760000000004;4082.8500000000017
2007;Q2 2007;May 2007;14:00;klassisk;3342.9000000000015;1685.4300000000003
2007;Q3 2007;Aug 2007;16:00;budget;125.0;49.46
2007;Q3 2007;Aug 2007;17:00;budget;50.0;25.5
2007;Q2 2007;Jun 2007;17:00;dance;47527.44000000026;25567.350000000006
2007;Q2 2007;May 2007;15:00;singles;6396.080000000011;4875.320000000001
2006;Q4 2006;Oct 2006;20:00;jazz/blues;1968.9000000000003;1039.5500000000002
2006;Q2 2006;Jun 2006;09:00;jazz/blues;1009.4999999999999;514.32
2006;Q2 2006;Jun 2006;17:00;jazz/blues;2578.600000000001;1331.58
2007;Q2 2007;Jun 2007;10:00;jazz/blues;7360.699999999994;3628.7899999999986
2007;Q2 2007;Jun 2007;16:00;jazz/blues;12077.739999999985;6307.710000000002
2007;Q2 2007;Jun 2007;12:00;jazz/blues;11522.319999999985;6056.880000000003
2007;Q2 2007;Apr 2007;11:00;jazz/blues;25606.560000000056;14126.730000000012
2008;Q1 2008;Mar 2008;13:00;jazz/blues;11821.999999999984;6426.069999999997
2007;Q2 2007;Jun 2007;18:00;jazz/blues;9994.19999999999;5277.240000000002
2007;Q2 2007;Jun 2007;11:00;jazz/blues;10097.10999999999;5242.910000000003
2006;Q4 2006;Dec 2006;21:00;jazz/blues;6923.319999999995;3789.96
2006;Q3 2006;Aug 2006;16:00;jazz/blues;6386.2999999999965;3249.6199999999985
2006;Q4 2006;Nov 2006;12:00;jazz/blues;44706.33000000023;24112.85000000001
2006;Q4 2006;Nov 2006;11:00;jazz/blues;39825.520000000186;21259.33000000001
2006;Q4 2006;Nov 2006;14:00;jazz/blues;51441.51000000029;27853.290000000008
2006;Q3 2006;Aug 2006;22:00;jazz/blues;429.8;224.5
2006;Q2 2006;Jun 2006;14:00;jazz/blues;2288.8000000000006;1198.1600000000003
2006;Q3 2006;Aug 2006;18:00;jazz/blues;2458.600000000001;1232.03
2006;Q4 2006;Dec 2006;20:00;jazz/blues;20237.540000000008;10824.099999999999
2006;Q4 2006;Dec 2006;23:00;jazz/blues;749.6;406.02
2007;Q1 2007;Jan 2007;10:00;jazz/blues;5624.019999999999;3450.7799999999997
2006;Q4 2006;Oct 2006;11:00;jazz/blues;8227.619999999994;4360.220000000001
2006;Q4 2006;Oct 2006;18:00;jazz/blues;6965.799999999996;3749.3499999999995
2006;Q3 2006;Jul 2006;10:00;jazz/blues;2178.9000000000005;1085.2800000000002
2006;Q3 2006;Sep 2006;18:00;jazz/blues;1049.4;552.83
2007;Q2 2007;May 2007;14:00;jazz/blues;17170.09999999998;9405.300000000008
2007;Q1 2007;Mar 2007;10:00;jazz/blues;9934.09999999999;5439.790000000004
2007;Q4 2007;Dec 2007;20:00;jazz/blues;7097.2999999999965;3702.889999999998
2007;Q2 2007;Jun 2007;17:00;jazz/blues;9812.01999999999;5305.320000000002
2007;Q4 2007;Nov 2007;18:00;jazz/blues;11742.599999999986;6062.989999999996
2007;Q2 2007;Apr 2007;18:00;jazz/blues;18752.929999999997;10231.870000000004
2007;Q2 2007;May 2007;13:00;jazz/blues;18089.39999999999;9915.66000000001
2007;Q1 2007;Feb 2007;14:00;jazz/blues;11443.799999999987;6767.639999999999
2006;Q4 2006;Oct 2006;10:00;jazz/blues;4220.020000000001;2160.48
2008;Q1 2008;Feb 2008;16:00;jazz/blues;21442.76000000002;11323.490000000002
2006;Q4 2006;Nov 2006;21:00;klassisk;319.70000000000005;161.96
2008;Q1 2008;Feb 2008;10:00;singles;312.8399999999999;920.32
2007;Q3 2007;Sep 2007;19:00;jazz/blues;12392.299999999985;6417.349999999999
2006;Q3 2006;Sep 2006;14:00;jazz/blues;1099.3;554.83
2006;Q2 2006;Jun 2006;16:00;jazz/blues;1983.8200000000004;1018.7
2007;Q1 2007;Feb 2007;15:00;jazz/blues;8031.109999999993;4628.290000000001
2007;Q2 2007;Apr 2007;21:00;international;299.8;165.82999999999998
2006;Q4 2006;Oct 2006;22:00;international;1519.0000000000002;705.8399999999999
2007;Q3 2007;Sep 2007;11:00;international;20397.30000000001;9531.009999999991
2007;Q4 2007;Oct 2007;19:00;international;4017.4000000000015;2003.3399999999997
2008;Q1 2008;Jan 2008;18:00;singles;1667.3100000000004;4482.430000000006
2007;Q1 2007;Jan 2007;11:00;klassisk;5356.5999999999985;2914.539999999999
2007;Q2 2007;Jun 2007;21:00;singles;1006.3999999999995;678.4300000000001
2007;Q2 2007;Apr 2007;12:00;singles;5200.570000000007;3138.8000000000006
2007;Q2 2007;May 2007;16:00;singles;5037.400000000018;4290.430000000002
2008;Q1 2008;Feb 2008;11:00;singles;705.7199999999999;1717.6999999999996
2007;Q2 2007;May 2007;18:00;blancs;47499.81999999999;30482.43
2007;Q2 2007;May 2007;17:00;blancs;67605.76;43229.81
2007;Q3 2007;Aug 2007;15:00;blancs;73344.48000000001;50155.05000000001
2007;Q2 2007;May 2007;10:00;blancs;16489.2;10807.44
2007;Q3 2007;Aug 2007;14:00;blancs;84893.84999999999;56651.700000000004
2007;Q3 2007;Aug 2007;16:00;blancs;126285.82999999999;94789.89000000004
2007;Q3 2007;Aug 2007;19:00;blancs;61205.24;47582.03
2008;Q1 2008;Jan 2008;15:00;blancs;168313.5199999998;114325.11999999995
2008;Q1 2008;Jan 2008;12:00;blancs;76661.46999999996;53160.18999999997
2008;Q1 2008;Jan 2008;14:00;blancs;136393.01999999984;90900.31999999998
2008;Q1 2008;Jan 2008;13:00;blancs;91886.00999999991;62111.68999999999
2007;Q2 2007;Jun 2007;13:00;blancs;38560.21999999998;22451.58999999999
2007;Q2 2007;Jun 2007;10:00;blancs;28083.929999999993;13543.22
2007;Q2 2007;Jun 2007;16:00;blancs;39783.11999999997;23728.84999999999
2007;Q2 2007;Jun 2007;14:00;blancs;65854.25999999998;42076.939999999995
2007;Q2 2007;Jun 2007;11:00;blancs;42764.42999999999;27483.17
2007;Q2 2007;Jun 2007;19:00;blancs;41771.96999999999;27701.300000000003
2007;Q2 2007;Jun 2007;12:00;blancs;59238.60999999999;38159.07000000001
2007;Q2 2007;Jun 2007;17:00;blancs;62899.20999999999;40764.3
2007;Q3 2007;Jul 2007;16:00;blancs;101552.6;73483.52000000002
2007;Q3 2007;Jul 2007;10:00;blancs;17824.42;10521.810000000005
2007;Q3 2007;Jul 2007;13:00;blancs;73114.87999999999;48026.33
2007;Q1 2007;Jan 2007;17:00;blancs;34283.900000000016;18001.34
2007;Q4 2007;Oct 2007;15:00;blancs;149915.7499999999;102066.07999999996
2007;Q1 2007;Jan 2007;19:00;blancs;14401.369999999986;7025.670000000001
2007;Q4 2007;Oct 2007;19:00;blancs;78891.33999999998;56337.12
2007;Q3 2007;Jul 2007;15:00;blancs;111835.97;78172.03
2007;Q4 2007;Oct 2007;14:00;blancs;118695.54999999992;82352.26
2007;Q1 2007;Jan 2007;10:00;blancs;8267.439999999997;3813.3900000000003
2007;Q1 2007;Jan 2007;14:00;blancs;41969.040000000045;22502.759999999995
2007;Q4 2007;Dec 2007;17:00;blancs;315741.72000000044;218411.9499999998
2007;Q4 2007;Oct 2007;12:00;blancs;115075.97999999992;82482.64
2007;Q4 2007;Dec 2007;14:00;blancs;317572.48000000033;219809.5099999998
2007;Q2 2007;Jun 2007;18:00;blancs;52558.56;33916.13999999999
2008;Q2 2008;Apr 2008;15:00;blancs;14149.519999999999;9644.94
2007;Q4 2007;Oct 2007;17:00;blancs;152669.2399999999;109081.67999999995
2007;Q4 2007;Oct 2007;16:00;blancs;221257.08999999982;158841.94999999987
2007;Q2 2007;May 2007;14:00;blancs;35762.76999999998;21263.939999999988
2007;Q4 2007;Dec 2007;20:00;blancs;95090.33999999992;65647.81
2007;Q2 2007;May 2007;12:00;blancs;30494.40999999999;18115.969999999994
2007;Q4 2007;Dec 2007;16:00;blancs;349343.3600000007;243812.51999999973
2007;Q4 2007;Dec 2007;19:00;blancs;198491.5299999997;140553.26
2008;Q1 2008;Mar 2008;13:00;blancs;59586.82000000001;40543.369999999995
2007;Q2 2007;May 2007;11:00;blancs;21475.09999999999;12718.179999999998
2007;Q1 2007;Mar 2007;18:00;blancs;33122.039999999986;19989.229999999996
2007;Q1 2007;Mar 2007;20:00;blancs;29938.920000000006;20123.019999999997
2007;Q1 2007;Mar 2007;14:00;blancs;109473.72999999997;72017.71
2007;Q1 2007;Mar 2007;16:00;blancs;125899.11999999997;83294.42999999998
2008;Q1 2008;Mar 2008;15:00;blancs;59998.55;39628.74000000001
2008;Q1 2008;Mar 2008;17:00;blancs;49903.56000000001;34650.92
2008;Q1 2008;Mar 2008;20:00;blancs;10588.0;7511.3099999999995
2007;Q3 2007;Jul 2007;17:00;blancs;140186.53999999995;101430.06999999996
2007;Q3 2007;Jul 2007;19:00;blancs;83567.12000000001;60608.640000000014
2007;Q3 2007;Jul 2007;14:00;blancs;104448.36000000002;71281.04000000002
2007;Q2 2007;Apr 2007;14:00;blancs;76542.97999999998;48438.85000000001
2007;Q2 2007;Apr 2007;17:00;blancs;45179.87999999999;28152.84999999999
2007;Q2 2007;Apr 2007;16:00;blancs;93225.57999999996;60444.33
2007;Q2 2007;Apr 2007;15:00;blancs;90337.55999999998;58518.200000000004
2007;Q2 2007;Apr 2007;09:00;blancs;2518.7;1480.22
2007;Q4 2007;Oct 2007;11:00;blancs;68500.01999999999;48341.39000000001
2007;Q3 2007;Sep 2007;13:00;blancs;73950.01999999999;54701.409999999996
2007;Q3 2007;Sep 2007;12:00;blancs;58848.69999999998;42674.73
2007;Q3 2007;Sep 2007;16:00;blancs;109901.91999999998;79983.91999999998
2007;Q1 2007;Feb 2007;15:00;blancs;42612.690000000024;24361.189999999995
2007;Q1 2007;Feb 2007;12:00;blancs;31259.53999999999;18305.48
2007;Q1 2007;Feb 2007;11:00;blancs;18519.41999999999;9449.059999999996
2007;Q3 2007;Sep 2007;15:00;blancs;80838.98;59047.280000000006
2007;Q3 2007;Sep 2007;17:00;blancs;68113.55999999997;50744.42999999999
2007;Q4 2007;Oct 2007;10:00;blancs;22712.299999999996;14478.0
2008;Q1 2008;Mar 2008;09:00;blancs;4509.2;3064.04
2008;Q1 2008;Mar 2008;14:00;blancs;78175.33999999998;52340.03
2008;Q1 2008;Mar 2008;10:00;blancs;12019.220000000001;7677.379999999999
2007;Q2 2007;Apr 2007;19:00;blancs;55881.71000000001;37864.840000000004
2007;Q2 2007;Apr 2007;10:00;blancs;31243.1;20584.739999999994
2007;Q1 2007;Feb 2007;18:00;blancs;33076.7;19570.069999999996
2007;Q1 2007;Feb 2007;19:00;blancs;18800.999999999996;10973.339999999997
2007;Q1 2007;Feb 2007;16:00;blancs;32387.380000000016;16489.399999999994
2007;Q1 2007;Feb 2007;13:00;blancs;28756.73999999998;15318.919999999996
2007;Q1 2007;Mar 2007;15:00;blancs;123919.51999999995;82720.42
2007;Q1 2007;Mar 2007;19:00;blancs;71521.12000000001;48010.97000000001
2007;Q1 2007;Mar 2007;13:00;blancs;78446.52999999998;50182.960000000014
2007;Q4 2007;Oct 2007;21:00;blancs;2159.0;1354.61
2007;Q1 2007;Mar 2007;11:00;blancs;108090.11999999997;73914.55
2007;Q3 2007;Aug 2007;11:00;blancs;34703.799999999996;23670.97
2007;Q3 2007;Aug 2007;13:00;blancs;103439.89;77067.09000000003
2007;Q3 2007;Aug 2007;17:00;blancs;78037.84;56293.79000000001
2007;Q3 2007;Aug 2007;12:00;blancs;44184.759999999995;29065.520000000004
2008;Q1 2008;Jan 2008;16:00;blancs;140245.15999999983;97077.75999999995
2007;Q2 2007;May 2007;09:00;blancs;1131.2199999999998;494.47
2007;Q4 2007;Dec 2007;15:00;blancs;375601.4100000012;260693.3499999998
2007;Q4 2007;Dec 2007;18:00;blancs;221243.56999999972;155475.8399999999
2007;Q4 2007;Dec 2007;09:00;blancs;30981.020000000008;18678.549999999996
2007;Q4 2007;Dec 2007;12:00;blancs;252929.66999999955;177110.92999999993
2008;Q1 2008;Jan 2008;11:00;blancs;37328.4;24868.009999999995
2007;Q4 2007;Dec 2007;10:00;blancs;116509.42999999986;79404.84999999998
2008;Q1 2008;Jan 2008;18:00;blancs;100453.79999999989;69171.51999999999
2008;Q1 2008;Jan 2008;10:00;blancs;29611.700000000004;19499.009999999995
2007;Q4 2007;Nov 2007;13:00;blancs;82889.50999999997;55448.06
2007;Q4 2007;Nov 2007;14:00;blancs;108804.21999999993;72729.07
2007;Q4 2007;Nov 2007;15:00;blancs;104013.15999999996;67508.84
2007;Q4 2007;Nov 2007;12:00;blancs;73442.83999999998;49236.26
2007;Q4 2007;Nov 2007;10:00;blancs;42181.22;27792.579999999998
2007;Q4 2007;Nov 2007;16:00;blancs;96134.59999999995;63035.07999999999
2007;Q4 2007;Nov 2007;09:00;blancs;2077.3000000000006;820.9300000000001
2008;Q1 2008;Feb 2008;17:00;blancs;47255.04;30786.719999999998
2008;Q1 2008;Mar 2008;12:00;blancs;55526.30000000001;37806.54
2007;Q4 2007;Nov 2007;17:00;blancs;74804.25999999997;48787.47999999998
2007;Q4 2007;Nov 2007;19:00;blancs;36842.01999999999;22519.459999999995
2007;Q4 2007;Nov 2007;18:00;blancs;91629.31999999995;62377.98
2008;Q1 2008;Jan 2008;21:00;blancs;6508.999999999999;5013.599999999999
2008;Q1 2008;Feb 2008;11:00;blancs;46020.33000000001;30554.76
2008;Q1 2008;Feb 2008;12:00;blancs;41648.92;26584.179999999997
2008;Q1 2008;Feb 2008;14:00;blancs;56891.68999999999;37760.80999999998
2008;Q1 2008;Feb 2008;09:00;blancs;1036.1399999999999;428.59
2008;Q1 2008;Feb 2008;13:00;blancs;33275.73999999999;21126.679999999993
2008;Q1 2008;Mar 2008;16:00;blancs;80866.01999999993;54974.54999999999
2008;Q2 2008;Apr 2008;14:00;blancs;8457.6;5792.5199999999995
2008;Q1 2008;Mar 2008;19:00;blancs;34426.40000000001;24131.16999999999
2008;Q2 2008;Apr 2008;12:00;blancs;10660.72;7273.36
2008;Q2 2008;Apr 2008;17:00;blancs;9544.22;6794.68
2008;Q1 2008;Feb 2008;10:00;blancs;14047.319999999998;8153.819999999998
2008;Q1 2008;Feb 2008;18:00;blancs;56366.42000000001;37926.07000000001
2008;Q1 2008;Feb 2008;19:00;blancs;43544.66000000001;28705.59
2008;Q2 2008;Apr 2008;16:00;blancs;8997.6;5822.12
2008;Q1 2008;Feb 2008;15:00;blancs;75595.71999999996;50081.00999999998
2008;Q2 2008;Apr 2008;13:00;blancs;9227.9;6331.21
2008;Q1 2008;Jan 2008;19:00;blancs;102913.42999999992;72501.21
2008;Q1 2008;Feb 2008;16:00;blancs;50172.409999999996;33740.09
2008;Q1 2008;Mar 2008;18:00;blancs;51475.24000000003;35943.1
2007;Q1 2007;Feb 2007;20:00;blancs;3439.5200000000013;1374.7400000000002
2007;Q3 2007;Sep 2007;19:00;blancs;51817.219999999994;38610.84
2007;Q3 2007;Sep 2007;14:00;blancs;72054.22;51503.05
2007;Q4 2007;Nov 2007;11:00;blancs;77408.23999999999;53283.68000000001
2007;Q3 2007;Sep 2007;11:00;blancs;47977.9;33510.34
2007;Q4 2007;Oct 2007;18:00;blancs;102710.80999999994;72713.34000000001
2007;Q3 2007;Jul 2007;22:00;blancs;2209.0;1274.32
2007;Q2 2007;Jun 2007;20:00;blancs;23018.07;15473.629999999997
2007;Q1 2007;Feb 2007;10:00;blancs;11318.439999999999;6351.96
2007;Q3 2007;Aug 2007;10:00;blancs;32224.78;21263.740000000005
2007;Q3 2007;Aug 2007;18:00;blancs;84389.12;67601.98
2007;Q1 2007;Jan 2007;11:00;blancs;25686.89999999999;14549.690000000006
2007;Q3 2007;Jul 2007;18:00;blancs;72666.36;50792.33000000001
2006;Q4 2006;Dec 2006;20:00;blancs;35129.19;22174.9
2006;Q4 2006;Dec 2006;14:00;blancs;90448.71000000011;52447.390000000094
2006;Q4 2006;Dec 2006;16:00;blancs;104115.12000000008;61364.580000000075
2006;Q3 2006;Aug 2006;14:00;blancs;19219.539999999983;7717.090000000006
2006;Q4 2006;Nov 2006;10:00;blancs;8857.939999999999;4391.74
2006;Q4 2006;Dec 2006;11:00;blancs;81276.61999999997;51803.250000000015
2006;Q4 2006;Dec 2006;12:00;blancs;79477.10000000003;48649.67000000005
2006;Q4 2006;Oct 2006;15:00;blancs;12012.559999999972;4836.70000000001
2006;Q3 2006;Jul 2006;11:00;blancs;8369.59999999999;3409.489999999999
2006;Q4 2006;Nov 2006;11:00;blancs;17309.449999999975;8562.05
2006;Q4 2006;Nov 2006;14:00;blancs;29303.72999999998;15165.11000000001
2006;Q4 2006;Oct 2006;17:00;blancs;11818.619999999975;4809.090000000009
2006;Q4 2006;Oct 2006;19:00;blancs;5564.099999999999;2306.08
2006;Q4 2006;Nov 2006;13:00;blancs;19481.69999999996;8565.500000000007
2006;Q4 2006;Dec 2006;19:00;blancs;65056.470000000016;41332.27000000001
2006;Q4 2006;Nov 2006;09:00;blancs;1488.1000000000001;567.73
2006;Q4 2006;Dec 2006;09:00;blancs;13406.32;9022.439999999999
2006;Q4 2006;Oct 2006;10:00;blancs;3652.930000000002;1499.4300000000003
2006;Q3 2006;Aug 2006;13:00;blancs;11380.599999999977;4317.350000000004
2006;Q3 2006;Aug 2006;10:00;blancs;5715.019999999998;2139.220000000001
2006;Q3 2006;Aug 2006;09:00;blancs;1947.8000000000004;806.6899999999999
2006;Q4 2006;Oct 2006;11:00;blancs;9007.919999999995;4236.770000000002
2006;Q3 2006;Jul 2006;20:00;blancs;3169.420000000001;1332.0099999999995
2006;Q3 2006;Aug 2006;21:00;blancs;2237.6000000000004;909.0500000000001
2006;Q3 2006;Aug 2006;20:00;blancs;3001.940000000001;1203.49
2006;Q3 2006;Aug 2006;08:00;blancs;139.8;55.93
2006;Q4 2006;Oct 2006;09:00;blancs;2099.9200000000005;634.09
2006;Q4 2006;Nov 2006;08:00;blancs;69.9;29.44
2006;Q2 2006;Jun 2006;19:00;blancs;7304.519999999995;3031.4400000000014
2006;Q2 2006;Jun 2006;18:00;blancs;6944.419999999996;2943.530000000002
2006;Q2 2006;Jun 2006;14:00;blancs;9862.239999999987;4130.600000000003
2006;Q2 2006;Jun 2006;11:00;blancs;5712.399999999998;2324.9500000000007
2006;Q2 2006;Jun 2006;10:00;blancs;5963.299999999998;2478.490000000001
2006;Q2 2006;Jun 2006;13:00;blancs;8964.83999999999;3701.480000000002
2006;Q2 2006;Jun 2006;17:00;blancs;11574.86999999998;4980.080000000002
2006;Q2 2006;Jun 2006;15:00;blancs;8924.91999999999;3724.560000000002
2006;Q3 2006;Sep 2006;16:00;blancs;2277.4000000000005;864.94
2006;Q3 2006;Sep 2006;17:00;blancs;2037.7000000000005;862.4999999999999
2006;Q3 2006;Sep 2006;10:00;blancs;938.9999999999999;386.40999999999997
2006;Q3 2006;Sep 2006;11:00;blancs;1088.3999999999999;410.63999999999993
2006;Q3 2006;Sep 2006;19:00;blancs;2377.4000000000005;980.0600000000001
2006;Q2 2006;Jun 2006;09:00;blancs;754.24;351.4100000000001
2006;Q4 2006;Oct 2006;20:00;blancs;1787.9000000000003;713.73
2006;Q4 2006;Dec 2006;23:00;blancs;2199.1;1332.27
2007;Q1 2007;Jan 2007;18:00;blancs;36762.15999999999;21660.910000000003
2006;Q1 2006;Jan 2006;12:00;blancs;69.9;0.0
2007;Q1 2007;Jan 2007;09:00;blancs;1018.9999999999999;377.65999999999997
2007;Q1 2007;Jan 2007;20:00;blancs;7915.910000000002;4496.37
2007;Q1 2007;Jan 2007;08:00;blancs;69.9;29.44
2006;Q3 2006;Sep 2006;14:00;blancs;2197.5000000000005;877.3699999999999
2006;Q3 2006;Sep 2006;12:00;blancs;1008.8999999999999;409.09
2006;Q3 2006;Sep 2006;13:00;blancs;1790.6200000000003;735.17
2007;Q2 2007;May 2007;20:00;blancs;20061.0;13325.159999999998
2007;Q3 2007;Sep 2007;10:00;blancs;25291.319999999996;18509.72
2007;Q3 2007;Sep 2007;18:00;blancs;60840.56;45638.75
2007;Q2 2007;Apr 2007;20:00;blancs;20217.1;9377.199999999999
2007;Q3 2007;Jul 2007;20:00;blancs;65455.14000000001;47838.3
2007;Q3 2007;Jul 2007;21:00;blancs;5909.3;4708.349999999999
2007;Q3 2007;Aug 2007;04:00;blancs;69.9;29.47
2007;Q3 2007;Aug 2007;09:00;blancs;3377.8;1796.1699999999998
2007;Q4 2007;Dec 2007;21:00;blancs;36810.02000000001;25845.359999999997
2007;Q3 2007;Sep 2007;20:00;blancs;13877.71;10301.6
2007;Q4 2007;Oct 2007;20:00;blancs;31667.600000000006;23726.32
2008;Q2 2008;Apr 2008;19:00;blancs;2508.9;1456.3899999999999
2008;Q1 2008;Feb 2008;20:00;blancs;13335.32;9128.2
2008;Q1 2008;Jan 2008;20:00;blancs;25887.310000000005;18272.649999999998
2007;Q4 2007;Nov 2007;20:00;blancs;30017.100000000006;20863.859999999997
2008;Q2 2008;Apr 2008;18:00;blancs;4708.5;3412.38
2007;Q1 2007;Feb 2007;09:00;blancs;3288.6000000000004;1907.81
2007;Q4 2007;Oct 2007;09:00;blancs;16427.1;11167.199999999999
2007;Q3 2007;Aug 2007;20:00;blancs;22512.14;16799.989999999998
2007;Q3 2007;Jul 2007;09:00;blancs;7238.799999999999;4816.209999999999
2007;Q2 2007;May 2007;07:00;blancs;69.9;29.47
2007;Q1 2007;Mar 2007;21:00;blancs;6759.4;4626.57
2007;Q3 2007;Aug 2007;22:00;blancs;10850.51;9201.619999999999
2008;Q1 2008;Jan 2008;09:00;blancs;5588.8;3698.02
2007;Q2 2007;Jun 2007;21:00;blancs;2983.8;1808.29
2007;Q2 2007;Jun 2007;09:00;blancs;2197.8000000000006;722.2500000000001
2007;Q3 2007;Jul 2007;23:00;blancs;69.9;27.48
2007;Q3 2007;Aug 2007;07:00;blancs;189.8;82.62
2007;Q4 2007;Oct 2007;22:00;blancs;249.7;102.09
2007;Q4 2007;Oct 2007;23:00;blancs;59.9;26.74
2008;Q1 2008;Mar 2008;22:00;blancs;59.9;26.79
2008;Q1 2008;Feb 2008;22:00;blancs;119.8;53.58
2008;Q2 2008;Apr 2008;11:00;blancs;3169.3;2212.52
2007;Q3 2007;Sep 2007;09:00;blancs;4567.900000000001;2763.6400000000003
2007;Q2 2007;Jun 2007;07:00;blancs;269.70000000000005;112.75999999999999
2007;Q3 2007;Sep 2007;21:00;blancs;5579.6;4617.360000000001
2007;Q2 2007;Jun 2007;23:00;blancs;139.8;55.16
2007;Q4 2007;Dec 2007;22:00;blancs;15958.4;11115.89
2007;Q3 2007;Aug 2007;02:00;blancs;59.9;27.48
2007;Q2 2007;Jun 2007;08:00;blancs;1469.8000000000002;1033.57
2006;Q3 2006;Jul 2006;21:00;blancs;1918.5000000000005;807.25
2006;Q4 2006;Oct 2006;21:00;blancs;409.5;162.56
2006;Q3 2006;Jul 2006;22:00;blancs;1091.52;487.76
2006;Q4 2006;Dec 2006;22:00;blancs;8608.199999999999;5723.28
2006;Q3 2006;Aug 2006;00:00;blancs;509.5;181.36
2006;Q4 2006;Oct 2006;22:00;blancs;174.8;70.7
2006;Q3 2006;Aug 2006;22:00;blancs;469.6;202.34
2006;Q3 2006;Aug 2006;23:00;blancs;219.8;0.0
2006;Q4 2006;Nov 2006;21:00;blancs;2439.4;1541.6399999999999
2006;Q2 2006;Jun 2006;21:00;blancs;839.0999999999999;331.70000000000005
2006;Q2 2006;Jun 2006;20:00;blancs;1957.8000000000004;799.73
2006;Q4 2006;Oct 2006;08:00;blancs;69.9;26.88
2006;Q3 2006;Sep 2006;18:00;blancs;1673.3400000000001;720.85
2006;Q3 2006;Sep 2006;09:00;blancs;219.8;94.78999999999999
2006;Q3 2006;Aug 2006;01:00;blancs;69.9;26.57
2006;Q3 2006;Jul 2006;23:00;blancs;69.9;26.07
2006;Q1 2006;Jan 2006;18:00;blancs;219.8;0.0
2007;Q2 2007;May 2007;22:00;blancs;567.02;279.91999999999996
2007;Q2 2007;May 2007;21:00;blancs;2179.2;1396.97
2006;Q4 2006;Nov 2006;22:00;blancs;52.42;27.48
2007;Q4 2007;Nov 2007;21:00;blancs;2559.1;1500.68
2007;Q3 2007;Aug 2007;21:00;blancs;3468.82;2343.02
2007;Q4 2007;Nov 2007;08:00;blancs;59.9;26.79
2008;Q2 2008;Apr 2008;20:00;blancs;1609.7;1103.41
2008;Q2 2008;Apr 2008;09:00;blancs;59.9;26.79
2007;Q3 2007;Sep 2007;01:00;blancs;209.8;87.53
2007;Q4 2007;Dec 2007;23:00;blancs;3049.5;2113.91
2007;Q2 2007;Apr 2007;08:00;blancs;69.9;27.43
2007;Q1 2007;Feb 2007;21:00;blancs;919.3;376.58
2007;Q2 2007;Apr 2007;21:00;blancs;629.49;276.17
2008;Q1 2008;Feb 2008;21:00;blancs;189.8;71.78999999999999
2007;Q3 2007;Jul 2007;01:00;blancs;69.9;27.48
2008;Q1 2008;Feb 2008;06:00;blancs;59.9;26.79
2007;Q1 2007;Mar 2007;22:00;blancs;519.6;217.32
2007;Q2 2007;May 2007;08:00;blancs;199.8;83.75
2007;Q2 2007;Jun 2007;22:00;blancs;399.70000000000005;201.85000000000002
2007;Q3 2007;Aug 2007;00:00;blancs;109.8;50.120000000000005
2007;Q1 2007;Mar 2007;23:00;dance;329.8;262.72
2008;Q1 2008;Feb 2008;13:00;international;13325.60999999998;6836.219999999998
2007;Q1 2007;Mar 2007;17:00;international;1129.3999999999999;756.52
2006;Q4 2006;Dec 2006;17:00;singles;16053.64999999992;9290.459999999974
2007;Q1 2007;Mar 2007;20:00;singles;2173.850000000003;1097.9099999999999
2006;Q4 2006;Oct 2006;15:00;jazz/blues;11403.299999999987;5854.660000000002
2008;Q1 2008;Feb 2008;06:00;games;2328.9000000000005;1180.7
2006;Q3 2006;Aug 2006;03:00;dvd/video;969.6999999999999;0.0
2007;Q1 2007;Jan 2007;16:00;budget;200.0;227.9
2007;Q4 2007;Dec 2007;15:00;budget;144.9;130.7
2007;Q2 2007;Apr 2007;17:00;jazz/blues;23585.200000000044;13014.670000000006
2006;Q4 2006;Nov 2006;10:00;jazz/blues;24807.140000000047;13094.150000000001
2008;Q1 2008;Mar 2008;10:00;dance;11566.049999999983;6209.550000000001
2006;Q2 2006;Jun 2006;15:00;budget;40.0;21.0
2006;Q4 2006;Oct 2006;07:00;pop/rock;1449.1000000000001;552.11
2006;Q3 2006;Jul 2006;22:00;games;18495.119999999995;9763.290000000005
2006;Q4 2006;Nov 2006;22:00;skandinavisk;8544.519999999991;4516.139999999996
2007;Q4 2007;Oct 2007;12:00;budget;54.9;40.18
2007;Q3 2007;Aug 2007;15:00;budget;85.0;20.01
2006;Q4 2006;Nov 2006;18:00;budget;40.0;0.01
2007;Q2 2007;May 2007;18:00;budget;120.0;269.42
2007;Q3 2007;Jul 2007;19:00;budget;50.0;0.01
2007;Q1 2007;Mar 2007;20:00;budget;40.0;0.01
2007;Q2 2007;Jun 2007;12:00;budget;64.8;60.81
2008;Q1 2008;Jan 2008;16:00;budget;89.9;30.470000000000002
2008;Q2 2008;Apr 2008;18:00;budget;126.59;161.20000000000005
2008;Q2 2008;Apr 2008;16:00;budget;157.5;166.80000000000004
2008;Q2 2008;Apr 2008;20:00;budget;80.0;99.20000000000002
2008;Q2 2008;Apr 2008;12:00;budget;120.0;117.20000000000002
2008;Q2 2008;Apr 2008;13:00;budget;167.5;173.60000000000005
2008;Q2 2008;Apr 2008;15:00;budget;198.0;225.49000000000007
2008;Q2 2008;Apr 2008;14:00;budget;120.0;148.80000000000004
2008;Q2 2008;Apr 2008;11:00;budget;80.0;99.20000000000002
2008;Q2 2008;Apr 2008;09:00;budget;10.0;12.4
2008;Q2 2008;Apr 2008;17:00;budget;107.5;136.40000000000003
2006;Q3 2006;Aug 2006;10:00;budget;30.0;0.01
2008;Q2 2008;Apr 2008;10:00;budget;10.0;12.4
2006;Q3 2006;Sep 2006;21:00;skandinavisk;259.9;169.23
2008;Q1 2008;Mar 2008;12:00;singles;349.9;1010.8299999999999
2007;Q1 2007;Jan 2007;18:00;klassisk;4397.000000000001;2412.15
2007;Q1 2007;Jan 2007;23:00;dance;90.0;258.63
2008;Q2 2008;Apr 2008;14:00;singles;155.8;343.44999999999993
2007;Q2 2007;Jun 2007;22:00;singles;478.81999999999977;417.97
2007;Q2 2007;May 2007;21:00;singles;708.4199999999997;437.45
2007;Q3 2007;Jul 2007;21:00;skandinavisk;8244.699999999993;4047.9400000000014
2006;Q3 2006;Aug 2006;01:00;skandinavisk;889.5;343.71999999999997
2006;Q3 2006;Aug 2006;00:00;skandinavisk;439.79999999999995;127.84
2006;Q4 2006;Nov 2006;09:00;skandinavisk;40114.440000000184;21874.870000000094
2007;Q1 2007;Mar 2007;21:00;skandinavisk;3777.800000000001;2031.6999999999996
2007;Q1 2007;Jan 2007;22:00;jazz/blues;559.7;353.05
2007;Q4 2007;Dec 2007;19:00;singles;1027.9899999999996;789.6300000000001
2007;Q2 2007;May 2007;04:00;pop/rock;1029.4;0.0
2007;Q4 2007;Nov 2007;17:00;klassisk;71255.84000000021;38007.13999999996
2008;Q1 2008;Feb 2008;17:00;klassisk;15374.519999999973;9063.809999999998
2007;Q4 2007;Dec 2007;12:00;klassisk;262740.8499999933;139939.82000000085
2007;Q4 2007;Dec 2007;13:00;dance;280274.1099999955;150257.920000001
2007;Q4 2007;Oct 2007;11:00;dance;25976.950000000048;14162.139999999994
2008;Q1 2008;Feb 2008;14:00;dance;47014.66000000024;26607.93999999996
2007;Q4 2007;Dec 2007;14:00;dance;324469.6600000015;173638.60000000295
2007;Q2 2007;Apr 2007;10:00;dance;9664.39999999999;4882.710000000002
2007;Q3 2007;Sep 2007;10:00;dance;20802.14;11786.730000000001
2007;Q1 2007;Mar 2007;20:00;dance;8484.799999999992;4243.780000000001
2007;Q4 2007;Nov 2007;14:00;dance;48609.320000000436;26244.27000000003
2007;Q4 2007;Nov 2007;12:00;dance;35326.240000000165;19160.110000000022
2007;Q4 2007;Nov 2007;09:00;dance;4236.740000000002;2083.1900000000005
2006;Q3 2006;Sep 2006;12:00;klassisk;649.5;319.23
2006;Q4 2006;Dec 2006;22:00;klassisk;1902.9200000000005;987.41
2008;Q1 2008;Feb 2008;21:00;dance;1979.3200000000004;1207.1599999999999
2008;Q1 2008;Mar 2008;13:00;dance;29099.270000000106;15479.599999999982
2006;Q3 2006;Aug 2006;03:00;pop/rock;1688.8000000000004;0.0
2007;Q2 2007;May 2007;01:00;pop/rock;1949.2000000000005;0.0
2007;Q3 2007;Aug 2007;14:00;budget;150.0;164.16
2008;Q2 2008;Apr 2008;16:00;skandinavisk;13253.03999999998;7362.390000000001
2007;Q1 2007;Feb 2007;23:00;klassisk;30.0;96.9
2007;Q2 2007;May 2007;23:00;dance;369.8;279.26
2007;Q2 2007;May 2007;04:00;skandinavisk;169.9;0.0
2007;Q3 2007;Sep 2007;21:00;skandinavisk;6915.599999999995;3772.019999999998
2007;Q2 2007;Apr 2007;08:00;skandinavisk;499.70000000000005;240.67000000000002
2007;Q3 2007;Sep 2007;00:00;pop/rock;5410.739999999999;2920.0799999999995
2006;Q3 2006;Jul 2006;22:00;dance;2048.8;1072.1399999999999
2007;Q1 2007;Jan 2007;17:00;budget;180.0;187.06
2007;Q3 2007;Aug 2007;13:00;budget;99.9;30.49
2006;Q3 2006;Sep 2006;12:00;games;36654.25000000007;19560.08999999999
2008;Q1 2008;Feb 2008;16:00;budget;109.80000000000001;205.08
2007;Q3 2007;Sep 2007;16:00;budget;99.8;67.25
2007;Q2 2007;Apr 2007;12:00;budget;60.0;62.77
2006;Q4 2006;Dec 2006;00:00;pop/rock;3927.700000000001;1949.77
2007;Q3 2007;Aug 2007;02:00;pop/rock;3657.3000000000015;1739.6400000000003
2008;Q1 2008;Mar 2008;16:00;budget;50.0;31.0
2007;Q3 2007;Aug 2007;03:00;games;2419.6000000000004;1170.9899999999998
2008;Q1 2008;Feb 2008;21:00;skandinavisk;3347.5000000000014;1880.6500000000012
2008;Q1 2008;Feb 2008;08:00;skandinavisk;1229.1000000000001;643.15
2006;Q4 2006;Oct 2006;21:00;skandinavisk;6745.599999999995;3791.63
2006;Q3 2006;Jul 2006;23:00;skandinavisk;259.9;137.35
2006;Q4 2006;Nov 2006;07:00;skandinavisk;2738.3000000000006;1527.0000000000005
2006;Q4 2006;Nov 2006;23:00;skandinavisk;379.8;207.25
2006;Q3 2006;Sep 2006;20:00;skandinavisk;949.5999999999999;516.61
2006;Q3 2006;Sep 2006;10:00;skandinavisk;4102.8200000000015;2278.6899999999996
2006;Q3 2006;Aug 2006;02:00;skandinavisk;229.9;129.07
2006;Q3 2006;Sep 2006;09:00;skandinavisk;1659.0000000000002;887.89
2008;Q2 2008;Apr 2008;15:00;skandinavisk;13851.939999999977;7855.120000000001
2007;Q4 2007;Nov 2007;20:00;skandinavisk;58151.140000000334;31133.049999999985
2007;Q3 2007;Aug 2007;02:00;skandinavisk;959.1999999999999;460.90999999999997
2006;Q4 2006;Oct 2006;21:00;games;17280.909999999993;9928.400000000001
2006;Q3 2006;Sep 2006;09:00;games;1449.6999999999998;889.3700000000001
2006;Q3 2006;Sep 2006;18:00;games;33798.33000000006;17967.77999999999
2006;Q3 2006;Sep 2006;19:00;games;39870.530000000064;21459.319999999996
2007;Q3 2007;Aug 2007;19:00;dance;25521.730000000047;13612.410000000009
2007;Q4 2007;Nov 2007;23:00;pop/rock;2847.9000000000005;1454.1799999999998
2006;Q4 2006;Oct 2006;09:00;games;34156.87000000003;18090.100000000002
2007;Q4 2007;Oct 2007;10:00;singles;1522.4200000000005;890.1700000000001
2006;Q1 2006;Jan 2006;15:00;games;3249.5;0.0
2007;Q3 2007;Aug 2007;21:00;games;16968.11999999999;8308.660000000002
2008;Q1 2008;Jan 2008;06:00;dvd/video;300.0;119.47999999999999
2007;Q2 2007;May 2007;22:00;skandinavisk;1244.4;1245.42
2006;Q3 2006;Aug 2006;05:00;pop/rock;719.4;0.0
2006;Q3 2006;Aug 2006;10:00;jazz/blues;2588.500000000001;1349.3100000000002
2007;Q1 2007;Jan 2007;09:00;jazz/blues;339.8;186.45999999999998
2006;Q3 2006;Aug 2006;09:00;jazz/blues;2568.500000000001;1301.26
2006;Q3 2006;Sep 2006;12:00;jazz/blues;919.4;485.37
2007;Q2 2007;May 2007;19:00;singles;3875.0100000000143;2560.420000000001
2007;Q3 2007;Aug 2007;08:00;dvd/video;3058.7000000000007;1489.9799999999998
2006;Q3 2006;Jul 2006;23:00;games;3278.2000000000003;1498.51
2007;Q1 2007;Mar 2007;12:00;dance;22176.420000000024;11429.790000000003
2007;Q1 2007;Jan 2007;19:00;singles;4527.500000000009;2475.7099999999996
2007;Q1 2007;Feb 2007;12:00;singles;3346.3800000000138;2497.23
2008;Q2 2008;Apr 2008;13:00;klassisk;1868.5000000000005;1415.82
2008;Q1 2008;Jan 2008;10:00;klassisk;13162.099999999982;7062.369999999997
2008;Q1 2008;Jan 2008;11:00;klassisk;28471.650000000085;15009.830000000014
2008;Q1 2008;Jan 2008;19:00;klassisk;10453.599999999988;5498.249999999999
2008;Q1 2008;Feb 2008;20:00;klassisk;1848.9000000000003;1085.39
2008;Q1 2008;Mar 2008;17:00;klassisk;6464.099999999994;4762.400000000001
2008;Q2 2008;Apr 2008;15:00;klassisk;1883.1200000000008;1575.33
2008;Q1 2008;Mar 2008;16:00;klassisk;10551.399999999983;7283.149999999998
2007;Q4 2007;Nov 2007;10:00;klassisk;47550.12000000025;25285.930000000015
2007;Q3 2007;Sep 2007;19:00;klassisk;15387.619999999977;8068.050000000005
2008;Q1 2008;Mar 2008;13:00;klassisk;11730.699999999979;7832.159999999998
2007;Q3 2007;Sep 2007;09:00;klassisk;4427.100000000001;2411.6699999999996
2006;Q2 2006;Jun 2006;21:00;international;169.9;99.96
2006;Q3 2006;Aug 2006;11:00;budget;10.0;0.0
2007;Q1 2007;Jan 2007;06:00;dvd/video;1409.5;709.25
2006;Q1 2006;Jan 2006;12:00;dvd/video;2928.400000000001;32.11
2006;Q3 2006;Sep 2006;18:00;dance;4677.3;2471.1200000000013
2006;Q3 2006;Aug 2006;19:00;jazz/blues;2728.400000000001;1360.9500000000003
2006;Q2 2006;Jun 2006;10:00;jazz/blues;1009.4;534.78
2006;Q3 2006;Aug 2006;20:00;jazz/blues;1699.0000000000005;730.63
2007;Q1 2007;Feb 2007;09:00;dance;2058.8;1232.46
2006;Q2 2006;Jun 2006;23:00;dance;509.70000000000005;253.26
2007;Q1 2007;Mar 2007;19:00;singles;7413.969999999981;3883.139999999999
2008;Q2 2008;Apr 2008;14:00;jazz/blues;1129.2;700.48
2006;Q4 2006;Nov 2006;15:00;budget;11.25;37.6
2008;Q1 2008;Jan 2008;22:00;dance;912.3;563.04
2007;Q2 2007;Jun 2007;00:00;games;2259.2000000000003;1380.42
2008;Q1 2008;Feb 2008;16:00;singles;1243.3100000000002;2646.5499999999997
2007;Q2 2007;May 2007;23:00;merchandise;457.32;524.36
2006;Q4 2006;Oct 2006;10:00;singles;3199.100000000011;2117.360000000003
2006;Q4 2006;Dec 2006;14:00;singles;20865.950000000044;12044.719999999961
2006;Q4 2006;Dec 2006;12:00;singles;16905.33999999994;10091.049999999985
2006;Q4 2006;Dec 2006;21:00;singles;2174.310000000002;1186.23
2007;Q4 2007;Oct 2007;18:00;singles;2296.0700000000024;1579.3200000000002
2007;Q1 2007;Feb 2007;18:00;singles;4465.070000000012;2958.21
2006;Q4 2006;Dec 2006;15:00;singles;21863.570000000072;12858.039999999943
2007;Q1 2007;Feb 2007;21:00;budget;30.0;56.38
2006;Q4 2006;Oct 2006;17:00;singles;10172.20999999998;6048.850000000006
2006;Q4 2006;Nov 2006;21:00;dance;2618.400000000001;1331.42
2007;Q1 2007;Jan 2007;07:00;dvd/video;1709.7000000000003;898.5400000000001
2007;Q3 2007;Jul 2007;03:00;pop/rock;1398.95;716.01
2008;Q1 2008;Feb 2008;22:00;skandinavisk;1578.9100000000003;905.23
2007;Q1 2007;Jan 2007;21:00;dance;2858.400000000001;2217.1499999999996
2007;Q4 2007;Nov 2007;20:00;dance;7523.149999999991;4142.260000000001
2007;Q1 2007;Feb 2007;19:00;jazz/blues;2768.4000000000005;1628.1100000000001
2007;Q3 2007;Aug 2007;08:00;jazz/blues;589.6;307.13
2007;Q4 2007;Nov 2007;11:00;jazz/blues;11452.699999999986;5705.119999999998
2007;Q4 2007;Dec 2007;22:00;jazz/blues;849.3199999999999;507.00000000000006
2007;Q3 2007;Sep 2007;02:00;jazz/blues;269.8;140.56
2007;Q3 2007;Jul 2007;23:00;jazz/blues;99.9;0.0
2007;Q4 2007;Oct 2007;09:00;jazz/blues;3138.100000000001;1525.13
2007;Q1 2007;Mar 2007;11:00;jazz/blues;13492.09999999998;7602.470000000008
2007;Q3 2007;Aug 2007;09:00;jazz/blues;1079.21;569.49
2007;Q3 2007;Aug 2007;04:00;jazz/blues;99.9;52.08
2008;Q1 2008;Mar 2008;16:00;jazz/blues;9188.61999999999;4858.43
2007;Q3 2007;Jul 2007;09:00;jazz/blues;1519.1000000000004;759.0200000000002
2006;Q3 2006;Jul 2006;15:00;jazz/blues;3652.420000000001;1852.02
2006;Q3 2006;Aug 2006;12:00;jazz/blues;4287.400000000001;2111.8800000000006
2006;Q4 2006;Oct 2006;13:00;jazz/blues;10876.509999999987;5839.410000000002
2006;Q2 2006;Jun 2006;19:00;jazz/blues;1729.0000000000005;881.7700000000001
2006;Q4 2006;Dec 2006;09:00;jazz/blues;5926.399999999998;3201.84
2006;Q4 2006;Oct 2006;21:00;jazz/blues;779.5;397.71999999999997
2006;Q2 2006;Jun 2006;13:00;jazz/blues;2368.600000000001;1191.4
2006;Q3 2006;Sep 2006;13:00;jazz/blues;679.6;330.0
2008;Q1 2008;Feb 2008;10:00;jazz/blues;8834.299999999992;4719.679999999999
2007;Q3 2007;Sep 2007;20:00;jazz/blues;4796.92;2541.6099999999997
2007;Q4 2007;Dec 2007;21:00;jazz/blues;2802.820000000001;1479.0299999999997
2007;Q4 2007;Dec 2007;10:00;jazz/blues;15329.419999999975;8002.960000000002
2007;Q3 2007;Sep 2007;22:00;jazz/blues;609.6;315.38
2007;Q4 2007;Nov 2007;21:00;jazz/blues;1059.3;541.99
2007;Q4 2007;Nov 2007;09:00;jazz/blues;2028.6000000000004;1006.27
2007;Q4 2007;Nov 2007;22:00;jazz/blues;414.72;227.38
2007;Q3 2007;Jul 2007;08:00;jazz/blues;99.9;52.37
2006;Q3 2006;Jul 2006;15:00;international;2748.3000000000006;1451.1200000000001
2007;Q1 2007;Mar 2007;13:00;budget;100.0;98.03
2007;Q2 2007;May 2007;10:00;singles;1761.7900000000009;1357.85
2007;Q2 2007;Jun 2007;19:00;singles;4257.660000000015;2950.8600000000006
2007;Q1 2007;Mar 2007;21:00;jazz/blues;869.5;436.12
2008;Q2 2008;Apr 2008;16:00;jazz/blues;1348.8000000000002;835.1
2006;Q4 2006;Oct 2006;09:00;jazz/blues;1089.3;596.6700000000001
2006;Q3 2006;Sep 2006;15:00;jazz/blues;829.5;436.23
2006;Q2 2006;Jun 2006;11:00;jazz/blues;1699.0000000000005;879.1
2008;Q1 2008;Feb 2008;17:00;jazz/blues;13988.53999999998;7562.639999999997
2007;Q2 2007;Apr 2007;20:00;jazz/blues;3897.5000000000014;2127.539999999999
2007;Q2 2007;Jun 2007;20:00;jazz/blues;2083.8000000000006;1211.34
2007;Q2 2007;Apr 2007;14:00;jazz/blues;33269.40000000013;18572.170000000042
2007;Q2 2007;May 2007;10:00;jazz/blues;8324.999999999993;4477.920000000003
2007;Q1 2007;Feb 2007;20:00;jazz/blues;1339.3000000000002;877.17
2007;Q1 2007;Mar 2007;09:00;jazz/blues;2518.7000000000007;1392.4000000000003
2007;Q2 2007;Apr 2007;14:00;singles;7447.1300000000065;4401.0700000000015
2006;Q3 2006;Aug 2006;20:00;singles;3802.820000000009;1372.4099999999999
2006;Q3 2006;Jul 2006;17:00;singles;10071.140000000007;7825.720000000013
2007;Q4 2007;Oct 2007;15:00;singles;3262.9500000000116;2438.2799999999997
2007;Q2 2007;Apr 2007;15:00;singles;6385.600000000018;4315.7300000000005
2007;Q2 2007;Apr 2007;22:00;singles;298.7999999999999;217.8999999999999
2008;Q1 2008;Mar 2008;10:00;singles;81.0;269.94999999999993
2008;Q1 2008;Feb 2008;17:00;singles;900.0799999999999;1672.3099999999997
2008;Q1 2008;Feb 2008;21:00;singles;30.0;99.91
2008;Q1 2008;Feb 2008;15:00;singles;857.9999999999998;1504.1599999999999
2007;Q4 2007;Dec 2007;14:00;singles;2785.920000000005;1585.8000000000002
2007;Q3 2007;Aug 2007;15:00;singles;5669.3700000000135;4486.9400000000005
2007;Q2 2007;Jun 2007;15:00;singles;7912.509999999998;6112.2599999999975
2006;Q3 2006;Jul 2006;18:00;singles;8731.27;6200.720000000008
2006;Q3 2006;Jul 2006;11:00;singles;7681.970000000019;6362.600000000008
2006;Q4 2006;Oct 2006;11:00;singles;5230.160000000022;4176.480000000007
2006;Q3 2006;Jul 2006;12:00;singles;10126.980000000021;8320.24000000001
2006;Q4 2006;Dec 2006;16:00;singles;17788.99999999996;10553.709999999952
2006;Q2 2006;Jun 2006;14:00;singles;17712.169999999925;8543.879999999996
2006;Q2 2006;Jun 2006;19:00;singles;11143.139999999943;5490.400000000002
2007;Q4 2007;Oct 2007;16:00;singles;3165.890000000014;2551.2999999999993
2007;Q4 2007;Nov 2007;19:00;singles;1066.9099999999996;824.5600000000002
2007;Q3 2007;Jul 2007;15:00;singles;9321.149999999985;6334.460000000001
2007;Q4 2007;Nov 2007;18:00;singles;1462.1200000000003;1052.69
2007;Q4 2007;Nov 2007;16:00;singles;2124.940000000002;1802.27
2007;Q3 2007;Sep 2007;18:00;singles;3008.170000000009;2029.8600000000001
2007;Q4 2007;Oct 2007;19:00;singles;1857.6500000000021;1248.1100000000006
2008;Q1 2008;Jan 2008;20:00;singles;409.53;913.51
2007;Q2 2007;Jun 2007;17:00;singles;7879.009999999994;5095.84
2008;Q1 2008;Mar 2008;14:00;singles;585.3199999999998;1042.7
2007;Q4 2007;Nov 2007;13:00;singles;1893.0300000000016;1349.1700000000003
2008;Q1 2008;Jan 2008;22:00;singles;30.0;93.72000000000001
2008;Q2 2008;Apr 2008;14:00;dance;5334.419999999999;2777.539999999999
2007;Q3 2007;Jul 2007;20:00;dance;16712.369999999977;9199.679999999998
2007;Q4 2007;Oct 2007;10:00;dance;12547.40999999998;7024.759999999999
2008;Q1 2008;Feb 2008;13:00;dance;39089.63000000017;21956.259999999966
2007;Q3 2007;Sep 2007;21:00;dance;2038.4000000000008;1122.78
2006;Q4 2006;Dec 2006;20:00;dance;25285.260000000057;14263.950000000004
2007;Q4 2007;Oct 2007;18:00;dance;31477.810000000092;17557.450000000008
2007;Q3 2007;Jul 2007;22:00;dance;2967.900000000001;1481.25
2008;Q1 2008;Feb 2008;13:00;budget;100.0;36.0
2008;Q1 2008;Feb 2008;22:00;budget;50.0;20.0
2006;Q4 2006;Oct 2006;13:00;budget;69.9;20.0
2007;Q1 2007;Jan 2007;10:00;budget;30.0;18.0
2007;Q3 2007;Aug 2007;21:00;budget;89.80000000000001;57.47
2007;Q2 2007;May 2007;21:00;skandinavisk;3228.1400000000012;2141.4700000000003
2006;Q4 2006;Oct 2006;01:00;dvd/video;779.9;362.62
2007;Q3 2007;Jul 2007;02:00;pop/rock;1743.6000000000004;925.8299999999999
2007;Q4 2007;Nov 2007;09:00;games;54109.9600000001;28962.289999999983
2006;Q3 2006;Aug 2006;01:00;games;2139.5;1080.7399999999998
2008;Q1 2008;Feb 2008;18:00;singles;871.3499999999998;1663.8
2007;Q2 2007;Jun 2007;10:00;singles;2773.8100000000118;1924.2100000000003
2007;Q2 2007;Jun 2007;18:00;singles;5381.880000000008;3874.380000000001
2007;Q2 2007;May 2007;11:00;singles;2893.290000000012;2487.390000000001
2007;Q2 2007;May 2007;12:00;singles;4236.980000000021;3608.5900000000015
2007;Q2 2007;May 2007;14:00;singles;6179.930000000011;4902.760000000002
2008;Q2 2008;Apr 2008;16:00;dance;4521.030000000002;2265.5200000000004
2007;Q3 2007;Jul 2007;01:00;games;799.8;383.79
2007;Q3 2007;Jul 2007;23:00;games;4258.8;2181.48
2007;Q1 2007;Jan 2007;21:00;games;18694.04;10177.509999999998
2008;Q2 2008;Apr 2008;09:00;games;919.72;529.85
2007;Q1 2007;Feb 2007;09:00;games;43494.62000000004;26173.119999999984
2007;Q3 2007;Jul 2007;08:00;games;699.8;399.03999999999996
2006;Q3 2006;Sep 2006;22:00;games;919.5999999999999;480.03000000000003
2006;Q2 2006;Jun 2006;21:00;games;24398.30000000001;13271.38
2007;Q4 2007;Oct 2007;08:00;games;809.8;447.46000000000004
2007;Q2 2007;May 2007;13:00;international;4749.52;2466.140000000001
2006;Q2 2006;Jun 2006;17:00;budget;40.0;85.17
2008;Q2 2008;Apr 2008;21:00;dvd/video;3259.3000000000006;1602.3
2008;Q1 2008;Mar 2008;10:00;budget;40.0;18.0
2006;Q3 2006;Aug 2006;17:00;budget;264.9;231.01
2007;Q4 2007;Nov 2007;13:00;klassisk;109635.12999999883;58630.22999999997
2007;Q3 2007;Aug 2007;12:00;singles;5058.000000000018;3623.7
2006;Q3 2006;Aug 2006;17:00;singles;9908.839999999993;6714.750000000015
2006;Q2 2006;Jun 2006;13:00;singles;17141.689999999904;8406.799999999996
2007;Q1 2007;Jan 2007;00:00;games;351031.9499999999;173487.4900000015
2007;Q2 2007;May 2007;19:00;international;2900.720000000001;1571.3200000000004
2007;Q4 2007;Oct 2007;20:00;dance;9185.669999999991;5203.899999999999
2007;Q2 2007;Jun 2007;13:00;dance;51012.930000000284;27483.54
2007;Q2 2007;May 2007;22:00;budget;25.0;31.09
2007;Q2 2007;Jun 2007;18:00;budget;25.0;32.09
2007;Q2 2007;Apr 2007;10:00;jazz/blues;15814.199999999975;8574.480000000005
2006;Q4 2006;Oct 2006;20:00;singles;1647.1400000000008;1145.87
2006;Q4 2006;Nov 2006;18:00;singles;9650.429999999966;5542.5899999999965
2006;Q4 2006;Nov 2006;16:00;singles;11338.79999999995;6779.319999999989
2008;Q2 2008;Apr 2008;20:00;singles;24.0;106.43
2007;Q4 2007;Dec 2007;15:00;singles;3121.490000000009;1892.4300000000003
2007;Q2 2007;Apr 2007;21:00;singles;219.83999999999997;224.67000000000002
2007;Q4 2007;Dec 2007;13:00;singles;1671.870000000001;1246.26
2008;Q1 2008;Jan 2008;07:00;dvd/video;989.6999999999999;510.35
2007;Q1 2007;Mar 2007;23:00;skandinavisk;219.9;237.09
2008;Q2 2008;Apr 2008;15:00;singles;60.0;181.04000000000002
2006;Q3 2006;Jul 2006;13:00;singles;14150.410000000002;11276.08000000002
2006;Q4 2006;Oct 2006;14:00;singles;9349.060000000001;6760.940000000008
2006;Q2 2006;Jun 2006;12:00;singles;14324.549999999914;7012.499999999994
2007;Q3 2007;Aug 2007;16:00;singles;5080.36000000001;3423.1
2007;Q1 2007;Mar 2007;15:00;singles;9917.170000000002;6351.310000000018
2006;Q2 2006;Jun 2006;11:00;singles;9740.729999999958;4871.3799999999965
2007;Q3 2007;Jul 2007;19:00;singles;5087.380000000006;2995.54
2007;Q1 2007;Mar 2007;14:00;singles;7304.670000000011;5207.88000000001
2006;Q3 2006;Jul 2006;09:00;jazz/blues;689.6;308.71
2007;Q4 2007;Nov 2007;00:00;dvd/video;1139.7;726.97
2007;Q2 2007;Jun 2007;13:00;singles;6547.770000000011;5480.769999999998
2007;Q1 2007;Mar 2007;16:00;singles;7506.300000000018;5516.810000000012
2006;Q3 2006;Aug 2006;18:00;singles;7548.110000000007;5341.020000000008
2007;Q4 2007;Oct 2007;13:00;singles;3901.3500000000117;2679.4999999999995
2006;Q4 2006;Oct 2006;16:00;international;3248.000000000001;1643.5300000000002
2007;Q2 2007;May 2007;08:00;games;1449.6;642.3300000000002
2007;Q1 2007;Feb 2007;22:00;jazz/blues;30.0;91.86
2007;Q3 2007;Jul 2007;16:00;budget;70.0;105.13000000000001
2007;Q1 2007;Mar 2007;17:00;singles;7887.2999999999865;4621.950000000011
2006;Q4 2006;Oct 2006;12:00;singles;8313.439999999993;6057.520000000007
2006;Q4 2006;Oct 2006;16:00;singles;10393.829999999982;7142.89000000001
2006;Q4 2006;Oct 2006;22:00;games;14756.199999999992;8906.400000000001
2006;Q3 2006;Jul 2006;01:00;dvd/video;300.0;123.06
2007;Q1 2007;Feb 2007;16:00;singles;5222.9700000000075;3838.450000000002
2007;Q2 2007;May 2007;13:00;singles;5864.130000000007;4615.7800000000025
2007;Q1 2007;Feb 2007;19:00;singles;2717.270000000006;1901.8800000000003
2007;Q1 2007;Mar 2007;11:00;singles;4115.860000000014;2675.629999999999
2007;Q2 2007;May 2007;21:00;jazz/blues;744.6999999999999;578.65
2007;Q1 2007;Feb 2007;23:00;dance;80.0;134.91
2007;Q2 2007;Apr 2007;23:00;skandinavisk;100.0;297.57
2007;Q1 2007;Mar 2007;18:00;singles;6253.390000000004;3527.2599999999993
2006;Q3 2006;Sep 2006;22:00;skandinavisk;484.72;274.01
2007;Q4 2007;Oct 2007;21:00;skandinavisk;10503.329999999987;5805.379999999999
2006;Q3 2006;Aug 2006;00:00;games;5448.5999999999985;1888.96
2006;Q3 2006;Sep 2006;12:00;dance;5356.5999999999985;2817.4500000000016
2006;Q3 2006;Sep 2006;21:00;dance;969.4;464.53
2007;Q3 2007;Sep 2007;09:00;dance;5985.779999999998;3401.7900000000004
2007;Q3 2007;Sep 2007;20:00;dance;11461.629999999985;6660.110000000001
2007;Q1 2007;Feb 2007;11:00;singles;2516.2700000000077;2081.02
2007;Q2 2007;May 2007;20:00;dance;5124.419999999999;3423.6800000000017
2006;Q3 2006;Aug 2006;19:00;singles;6242.07000000001;4366.640000000006
2008;Q1 2008;Feb 2008;19:00;klassisk;5526.399999999998;3144.1800000000003
2007;Q2 2007;Apr 2007;17:00;singles;4984.580000000008;3050.6000000000004
2007;Q2 2007;May 2007;17:00;singles;6079.660000000006;4245.710000000003
2007;Q1 2007;Feb 2007;17:00;singles;4694.80000000001;2953.05
2007;Q3 2007;Aug 2007;21:00;klassisk;829.5999999999999;375.47
2006;Q3 2006;Aug 2006;21:00;dance;1689.0000000000002;774.9900000000001
2007;Q2 2007;May 2007;10:00;budget;25.0;84.23
2007;Q1 2007;Feb 2007;20:00;budget;40.0;84.23
2008;Q1 2008;Feb 2008;20:00;international;2695.8200000000006;1427.6199999999997
2006;Q4 2006;Oct 2006;23:00;merchandise;352.61999999999995;152.96
2006;Q2 2006;Jun 2006;08:00;merchandise;481.15999999999997;229.22000000000003
2006;Q3 2006;Aug 2006;02:00;merchandise;171.56;87.92000000000002
2007;Q3 2007;Jul 2007;08:00;merchandise;39.9;28.13
2006;Q4 2006;Oct 2006;08:00;merchandise;909.6099999999999;422.08
2006;Q4 2006;Oct 2006;23:00;games;3269.0000000000005;1997.54
2006;Q2 2006;Jun 2006;09:00;games;16477.01999999999;9273.46
2007;Q1 2007;Feb 2007;23:00;games;270.0;129.14999999999998
2007;Q3 2007;Sep 2007;23:00;merchandise;273.22999999999996;137.75999999999993
2007;Q3 2007;Sep 2007;00:00;merchandise;86.85999999999999;51.06
2007;Q3 2007;Jul 2007;00:00;merchandise;199.8;124.55
2008;Q1 2008;Jan 2008;22:00;merchandise;2533.8100000000004;1672.74
2007;Q4 2007;Oct 2007;23:00;merchandise;386.36;194.84999999999997
2007;Q3 2007;Aug 2007;03:00;merchandise;1829.9;1260.41
2008;Q1 2008;Mar 2008;22:00;merchandise;507.1;360.12999999999994
2006;Q3 2006;Aug 2006;01:00;merchandise;496.53999999999996;271.03
2006;Q4 2006;Nov 2006;23:00;merchandise;339.9;193.49
2006;Q1 2006;Jan 2006;11:00;merchandise;86.47;0.0
2006;Q1 2006;Jan 2006;18:00;merchandise;20.0;0.0
2007;Q1 2007;Jan 2007;23:00;merchandise;781.2199999999999;892.05
2007;Q1 2007;Jan 2007;00:00;merchandise;58980.42000000024;27755.0
2006;Q4 2006;Oct 2006;07:00;merchandise;119.9;32.0
2006;Q2 2006;Jun 2006;00:00;merchandise;236.56;119.35
2007;Q2 2007;May 2007;03:00;merchandise;130.0;0.0
2007;Q2 2007;Apr 2007;23:00;merchandise;165.72;99.68999999999998
2007;Q1 2007;Feb 2007;23:00;merchandise;129.0;109.22
2007;Q3 2007;Jul 2007;04:00;merchandise;99.9;30.44
2007;Q3 2007;Jul 2007;02:00;merchandise;289.9;172.44
2007;Q3 2007;Aug 2007;00:00;merchandise;1399.5;751.0799999999999
2007;Q1 2007;Mar 2007;08:00;merchandise;449.6;156.62
2008;Q1 2008;Feb 2008;08:00;games;3358.8000000000006;1549.44
2007;Q3 2007;Aug 2007;11:00;singles;2763.310000000011;2118.01
2008;Q1 2008;Jan 2008;21:00;singles;99.9;300.34999999999997
2006;Q3 2006;Sep 2006;13:00;dance;3757.6000000000013;1925.3700000000013
2008;Q1 2008;Jan 2008;11:00;international;37447.50000000016;18601.129999999983
2008;Q1 2008;Jan 2008;20:00;international;5416.5999999999985;2673.1100000000006
2008;Q1 2008;Jan 2008;16:00;international;43223.40000000021;21666.890000000007
2008;Q2 2008;Apr 2008;16:00;international;774.22;681.16
2008;Q1 2008;Jan 2008;14:00;international;48530.32000000026;24300.350000000042
2008;Q1 2008;Feb 2008;18:00;international;9244.19999999999;4750.099999999999
2008;Q1 2008;Jan 2008;10:00;international;19198.1;9701.619999999992
2008;Q1 2008;Jan 2008;13:00;international;51507.27000000027;25899.720000000078
2008;Q1 2008;Feb 2008;12:00;international;13969.819999999982;7187.619999999995
2008;Q1 2008;Jan 2008;15:00;international;51232.73000000028;25987.010000000042
2008;Q1 2008;Feb 2008;11:00;international;12022.419999999984;6268.810000000002
2008;Q1 2008;Feb 2008;14:00;international;15988.999999999976;8233.769999999999
2008;Q1 2008;Mar 2008;19:00;international;1928.6100000000006;992.5300000000004
2008;Q2 2008;Apr 2008;10:00;international;439.70000000000005;215.6
2008;Q1 2008;Feb 2008;10:00;international;8534.599999999991;4399.450000000002
2008;Q1 2008;Feb 2008;19:00;international;6144.019999999998;3110.840000000001
2008;Q1 2008;Mar 2008;18:00;international;2925.320000000001;1465.7600000000007
2008;Q1 2008;Jan 2008;09:00;international;4807.0;2440.3500000000004
2008;Q1 2008;Jan 2008;17:00;international;41764.5000000002;20971.930000000008
2007;Q3 2007;Sep 2007;10:00;singles;1639.890000000001;1000.13
2007;Q1 2007;Mar 2007;12:00;jazz/blues;16220.299999999976;8908.31
2007;Q2 2007;Apr 2007;20:00;singles;1167.6699999999996;726.06
2007;Q3 2007;Sep 2007;16:00;singles;3941.660000000016;3013.41
2007;Q3 2007;Aug 2007;14:00;singles;6861.829999999998;4202.9400000000005
2007;Q3 2007;Aug 2007;19:00;singles;3239.5900000000097;1981.3999999999999
2007;Q3 2007;Sep 2007;22:00;singles;20.040000000000006;85.01
2007;Q2 2007;May 2007;22:00;singles;159.63;121.01
2007;Q2 2007;Jun 2007;14:00;singles;6767.050000000011;5671.709999999997
2006;Q2 2006;Jun 2006;20:00;singles;3987.5100000000107;1994.0799999999986
2007;Q2 2007;Jun 2007;22:00;jazz/blues;612.22;427.85999999999996
2007;Q4 2007;Dec 2007;19:00;klassisk;100968.34999999909;53141.72999999978
2008;Q1 2008;Jan 2008;16:00;klassisk;23305.400000000038;12201.380000000006
2008;Q1 2008;Jan 2008;12:00;klassisk;31260.40000000011;16449.41000000001
2007;Q4 2007;Nov 2007;19:00;klassisk;33116.620000000126;17511.190000000013
2007;Q4 2007;Nov 2007;16:00;klassisk;79158.11999999994;42030.989999999976
2008;Q1 2008;Mar 2008;19:00;klassisk;3477.3000000000015;2279.08
2008;Q1 2008;Feb 2008;13:00;klassisk;18597.59999999999;10652.620000000004
2008;Q1 2008;Feb 2008;11:00;klassisk;11801.399999999981;7137.199999999999
2008;Q1 2008;Feb 2008;15:00;klassisk;17180.149999999972;10149.2
2008;Q1 2008;Mar 2008;10:00;klassisk;5774.999999999998;3986.71
2008;Q1 2008;Mar 2008;11:00;klassisk;11100.799999999983;7552.289999999998
2008;Q1 2008;Feb 2008;12:00;klassisk;15339.199999999973;8824.919999999998
2007;Q4 2007;Dec 2007;20:00;klassisk;54071.16000000031;28904.85000000004
2007;Q4 2007;Nov 2007;18:00;klassisk;54765.82000000032;29398.48000000003
2007;Q4 2007;Nov 2007;12:00;klassisk;100467.22999999917;53944.87999999996
2006;Q4 2006;Nov 2006;14:00;klassisk;13705.209999999981;6961.399999999992
2007;Q4 2007;Nov 2007;15:00;klassisk;85896.29999999968;45605.349999999955
2007;Q4 2007;Dec 2007;23:00;klassisk;3287.900000000001;1779.2200000000003
2007;Q4 2007;Nov 2007;20:00;klassisk;10043.699999999988;5174.58
2008;Q1 2008;Feb 2008;10:00;klassisk;8953.79999999999;4981.339999999999
2007;Q4 2007;Dec 2007;21:00;klassisk;23282.800000000036;12551.77000000002
2007;Q4 2007;Dec 2007;09:00;klassisk;27942.320000000076;14744.730000000027
2006;Q3 2006;Sep 2006;19:00;klassisk;419.5;218.12
2006;Q2 2006;Jun 2006;22:00;klassisk;329.59999999999997;160.23000000000002
2006;Q4 2006;Nov 2006;06:00;pop/rock;1009.4;543.17
2007;Q3 2007;Jul 2007;04:00;pop/rock;709.3;406.34000000000003
2008;Q2 2008;Apr 2008;18:00;skandinavisk;9782.149999999989;5537.240000000002
2007;Q2 2007;Jun 2007;09:00;dance;4852.0;2581.7599999999998
2007;Q1 2007;Jan 2007;08:00;dance;1039.4;528.03
2007;Q4 2007;Dec 2007;21:00;dance;31658.8300000001;16827.20000000003
2007;Q4 2007;Dec 2007;12:00;singles;2424.0300000000034;1325.9900000000002
2007;Q4 2007;Dec 2007;16:00;singles;2374.2600000000025;1526.0600000000002
2007;Q1 2007;Jan 2007;12:00;singles;5089.270000000006;4039.439999999994
2007;Q1 2007;Jan 2007;13:00;singles;6562.139999999997;4197.499999999993
2007;Q1 2007;Jan 2007;18:00;singles;6018.699999999997;3699.6999999999966
2006;Q3 2006;Jul 2006;14:00;singles;15713.169999999987;12051.930000000013
2006;Q3 2006;Aug 2006;15:00;singles;12197.169999999982;8291.550000000016
2007;Q1 2007;Jan 2007;21:00;singles;219.4;220.88000000000005
2007;Q1 2007;Jan 2007;14:00;singles;8551.389999999978;4912.449999999992
2007;Q1 2007;Feb 2007;13:00;singles;4389.740000000014;3382.710000000001
2008;Q1 2008;Jan 2008;08:00;skandinavisk;179.9;85.45
2007;Q1 2007;Jan 2007;22:00;skandinavisk;1389.3000000000002;1188.6699999999998
2007;Q2 2007;Jun 2007;11:00;singles;3858.3900000000203;3001.350000000001
2006;Q3 2006;Aug 2006;06:00;dvd/video;789.5;0.0
2007;Q1 2007;Mar 2007;15:00;budget;40.0;8.83
2007;Q3 2007;Jul 2007;04:00;skandinavisk;169.9;92.44
2006;Q3 2006;Jul 2006;15:00;singles;14974.88;11969.97000000001
2006;Q4 2006;Nov 2006;19:00;singles;7634.439999999979;4332.799999999994
2007;Q1 2007;Jan 2007;23:00;international;120.0;323.42
2006;Q3 2006;Aug 2006;13:00;international;2998.100000000001;1603.6
2007;Q1 2007;Feb 2007;21:00;international;70.0;171.86
2007;Q1 2007;Feb 2007;22:00;international;179.9;144.51
2006;Q4 2006;Nov 2006;08:00;games;4618.8;2562.0300000000007
2006;Q3 2006;Jul 2006;00:00;games;200.0;99.62
2007;Q2 2007;May 2007;04:00;games;649.9;0.0
2008;Q1 2008;Feb 2008;07:00;games;2798.9000000000005;1530.9300000000003
2007;Q4 2007;Nov 2007;23:00;games;3458.1000000000004;1836.88
2007;Q2 2007;Jun 2007;07:00;pop/rock;1448.4;803.49
2007;Q2 2007;May 2007;21:00;international;479.70000000000005;212.72
2006;Q3 2006;Jul 2006;22:00;international;149.9;70.4
2006;Q3 2006;Aug 2006;15:00;international;2438.3000000000006;1156.9099999999999
2007;Q2 2007;Apr 2007;20:00;international;951.92;490.24
2007;Q4 2007;Dec 2007;20:00;international;2928.140000000001;1469.8299999999995
2007;Q3 2007;Sep 2007;21:00;international;836.92;395.93
2007;Q1 2007;Mar 2007;13:00;international;1389.1000000000001;707.81
2007;Q1 2007;Jan 2007;21:00;international;139.9;173.16
2007;Q1 2007;Feb 2007;15:00;singles;5396.010000000002;3545.060000000001
2007;Q1 2007;Mar 2007;20:00;jazz/blues;1799.0000000000002;1069.53
2006;Q4 2006;Nov 2006;15:00;singles;12111.379999999948;7050.3099999999895
2006;Q4 2006;Oct 2006;15:00;singles;8617.530000000004;6347.61000000001
2006;Q4 2006;Oct 2006;19:00;singles;7284.479999999991;4687.410000000008
2007;Q3 2007;Jul 2007;17:00;singles;8298.42999999999;5078.92
2007;Q2 2007;Jun 2007;07:00;dvd/video;249.8;116.02000000000001
2007;Q3 2007;Sep 2007;15:00;singles;4873.930000000008;3193.8199999999997
2008;Q1 2008;Mar 2008;12:00;international;5735.699999999997;3011.59
2006;Q3 2006;Jul 2006;20:00;singles;2794.790000000007;2200.389999999999
2006;Q2 2006;Jun 2006;00:00;games;370.0;193.06
2008;Q1 2008;Jan 2008;20:00;dance;11007.649999999987;5874.900000000003
2007;Q2 2007;Apr 2007;22:00;klassisk;169.9;36.47
2007;Q4 2007;Oct 2007;10:00;international;4764.5199999999995;2278.199999999999
2006;Q1 2006;Jan 2006;18:00;dvd/video;1999.7000000000003;0.0
2007;Q1 2007;Mar 2007;07:00;dvd/video;1049.1;381.84999999999997
2007;Q2 2007;May 2007;20:00;budget;85.0;92.1
2007;Q1 2007;Jan 2007;07:00;pop/rock;1069.3999999999999;584.5799999999999
2007;Q4 2007;Dec 2007;15:00;international;21897.900000000027;10448.379999999988
2006;Q3 2006;Aug 2006;12:00;international;3597.700000000001;1790.15
2007;Q4 2007;Dec 2007;12:00;international;21997.320000000025;10562.129999999974
2007;Q4 2007;Dec 2007;11:00;international;18747.12;9097.129999999983
2007;Q4 2007;Dec 2007;14:00;international;22147.80000000003;10645.649999999978
2006;Q2 2006;Jun 2006;15:00;singles;16035.719999999903;8102.689999999993
2007;Q1 2007;Mar 2007;12:00;singles;6293.030000000023;4260.5800000000045
2007;Q2 2007;May 2007;07:00;pop/rock;1069.3;566.27
2007;Q1 2007;Mar 2007;08:00;skandinavisk;969.4;493.46
2007;Q2 2007;Jun 2007;01:00;international;25.0;0.0
2007;Q4 2007;Dec 2007;00:00;dvd/video;1289.8000000000002;587.84
2008;Q2 2008;Apr 2008;13:00;singles;90.0;224.37999999999997
2006;Q4 2006;Dec 2006;19:00;singles;10166.479999999967;5853.739999999989
2006;Q4 2006;Nov 2006;13:00;singles;11385.609999999948;6852.59999999999
2006;Q3 2006;Jul 2006;16:00;singles;11770.050000000012;9328.74000000001
2006;Q3 2006;Aug 2006;16:00;singles;10636.509999999984;7076.220000000014
2006;Q2 2006;Jun 2006;22:00;singles;757.8199999999997;349.08
2006;Q2 2006;Jun 2006;23:00;singles;399.2999999999999;256.01
2006;Q2 2006;Jun 2006;16:00;singles;16551.2199999999;7995.399999999998
2006;Q2 2006;Jun 2006;18:00;singles;12908.219999999928;6300.849999999998
2006;Q3 2006;Aug 2006;10:00;singles;3744.160000000011;2651.4200000000005
2007;Q3 2007;Jul 2007;16:00;singles;9161.839999999991;6158.220000000001
2007;Q4 2007;Oct 2007;21:00;klassisk;2351.2200000000007;1191.7400000000002
2007;Q1 2007;Jan 2007;21:00;budget;30.0;12.34
2006;Q4 2006;Nov 2006;12:00;budget;35.0;0.0
2006;Q3 2006;Jul 2006;17:00;budget;35.0;12.34
2007;Q2 2007;Apr 2007;18:00;klassisk;2138.2000000000007;939.7199999999998
2008;Q1 2008;Feb 2008;09:00;klassisk;2728.000000000001;1461.6000000000001
2007;Q2 2007;Jun 2007;09:00;klassisk;1216.6200000000001;588.92
2007;Q3 2007;Aug 2007;10:00;klassisk;22295.80000000003;11671.93999999999
2006;Q3 2006;Aug 2006;22:00;klassisk;399.6;171.99
2006;Q3 2006;Aug 2006;09:00;klassisk;219.70000000000002;113.6
2006;Q3 2006;Sep 2006;21:00;klassisk;399.6;197.17
2006;Q3 2006;Sep 2006;18:00;klassisk;719.3;312.53999999999996
2006;Q4 2006;Oct 2006;21:00;klassisk;609.5;300.47
2007;Q2 2007;May 2007;09:00;klassisk;849.5;334.45
2006;Q3 2006;Sep 2006;22:00;klassisk;99.9;50.4
2006;Q3 2006;Sep 2006;13:00;klassisk;269.8;140.48
2006;Q1 2006;Jan 2006;16:00;pop/rock;619.6;0.0
2006;Q3 2006;Aug 2006;09:00;international;569.6;259.67
2008;Q1 2008;Feb 2008;23:00;skandinavisk;199.9;174.41
2006;Q3 2006;Aug 2006;16:00;international;2338.5000000000005;1189.5400000000002
2006;Q4 2006;Dec 2006;18:00;singles;12088.789999999952;6959.039999999982
2006;Q3 2006;Jul 2006;12:00;international;2218.7000000000007;1166.17
2007;Q3 2007;Sep 2007;12:00;singles;3368.100000000016;2717.09
2006;Q2 2006;Jun 2006;20:00;jazz/blues;339.8;184.57999999999998
2007;Q4 2007;Nov 2007;10:00;dance;15116.869999999972;7882.840000000003
2007;Q2 2007;Apr 2007;22:00;skandinavisk;919.4999999999999;486.35
2006;Q4 2006;Dec 2006;08:00;merchandise;854.35;453.06999999999994
2007;Q2 2007;Jun 2007;12:00;singles;5231.180000000021;4263.68
2007;Q3 2007;Jul 2007;13:00;singles;8209.45;6141.860000000001
2007;Q3 2007;Sep 2007;13:00;singles;4055.3100000000177;2826.24
2008;Q2 2008;Apr 2008;11:00;singles;15.0;59.8
2007;Q4 2007;Oct 2007;14:00;singles;3409.6700000000124;2600.0699999999997
2006;Q4 2006;Nov 2006;12:00;singles;8390.609999999986;5247.599999999991
2006;Q4 2006;Dec 2006;13:00;singles;18799.899999999976;11325.639999999963
2006;Q4 2006;Oct 2006;22:00;singles;608.8399999999998;390.04
2006;Q4 2006;Nov 2006;11:00;singles;7774.759999999988;4623.089999999997
2006;Q4 2006;Nov 2006;14:00;singles;13984.02999999993;8363.509999999991
2006;Q4 2006;Oct 2006;13:00;singles;9033.41;6702.060000000007
2006;Q4 2006;Oct 2006;18:00;singles;7545.949999999989;4656.330000000009
2006;Q4 2006;Dec 2006;10:00;singles;8785.729999999976;5122.140000000001
2007;Q1 2007;Jan 2007;17:00;singles;6004.010000000002;3564.7900000000013
2007;Q1 2007;Jan 2007;16:00;singles;7120.769999999991;4749.589999999991
2006;Q4 2006;Nov 2006;20:00;singles;1715.790000000001;911.39
2007;Q2 2007;May 2007;20:00;singles;1773.5900000000013;1123.1700000000003
2007;Q1 2007;Mar 2007;13:00;singles;7023.750000000016;4880.170000000013
2007;Q2 2007;Apr 2007;11:00;singles;3944.1100000000183;2716.2800000000016
2007;Q3 2007;Aug 2007;20:00;singles;1162.4399999999996;827.26
2007;Q4 2007;Oct 2007;12:00;singles;2832.3000000000065;1818.850000000001
2007;Q1 2007;Mar 2007;09:00;singles;691.1699999999996;374.06000000000006
2007;Q3 2007;Jul 2007;10:00;singles;2247.5000000000027;1596.96
2007;Q1 2007;Jan 2007;15:00;singles;7110.05999999999;4303.699999999995
2007;Q1 2007;Feb 2007;10:00;singles;1357.4200000000003;931.8100000000001
2007;Q3 2007;Aug 2007;18:00;singles;4449.100000000016;2635.09
2007;Q2 2007;May 2007;18:00;singles;5469.540000000005;3613.480000000001
2007;Q2 2007;Jun 2007;19:00;jazz/blues;4397.500000000001;2467.6899999999987
2007;Q3 2007;Aug 2007;21:00;jazz/blues;1309.1000000000001;679.6000000000001
2008;Q1 2008;Mar 2008;09:00;jazz/blues;429.70000000000005;227.38
2006;Q4 2006;Oct 2006;08:00;games;5238.7;1078.4
2007;Q1 2007;Feb 2007;22:00;games;5278.9;3039.38
2006;Q3 2006;Aug 2006;23:00;international;319.8;172.28
2007;Q2 2007;Jun 2007;23:00;games;8150.119999999997;4454.889999999999
2007;Q2 2007;Apr 2007;23:00;games;1152.3;569.61
2007;Q2 2007;May 2007;07:00;skandinavisk;349.8;184.73
2008;Q1 2008;Feb 2008;23:00;games;992.2199999999999;557.72
2006;Q3 2006;Aug 2006;04:00;games;399.9;0.0
2006;Q4 2006;Nov 2006;07:00;games;1499.5;818.41
2006;Q1 2006;Jan 2006;12:00;games;949.8;0.0
2008;Q1 2008;Mar 2008;22:00;games;1949.5;1052.25
2008;Q1 2008;Jan 2008;07:00;games;479.79999999999995;211.23000000000002
2007;Q3 2007;Sep 2007;01:00;games;5973.6399999999985;3562.9300000000007
2006;Q4 2006;Dec 2006;00:00;games;110495.30000000002;74282.25999999992
2007;Q3 2007;Jul 2007;02:00;jazz/blues;359.8;178.52
2007;Q2 2007;Jun 2007;09:00;jazz/blues;2168.7000000000003;1122.3600000000001
2006;Q3 2006;Aug 2006;13:00;singles;11014.530000000008;8330.930000000018
2006;Q3 2006;Jul 2006;08:00;games;1419.8;692.26
2006;Q3 2006;Sep 2006;19:00;international;519.7;284.64
2007;Q3 2007;Sep 2007;17:00;singles;3653.1000000000176;2511.54
2008;Q1 2008;Jan 2008;10:00;singles;392.69999999999993;936.8100000000001
2007;Q4 2007;Dec 2007;18:00;singles;2072.880000000002;1273.1100000000001
2006;Q3 2006;Aug 2006;12:00;singles;9359.029999999997;6794.300000000013
2007;Q4 2007;Oct 2007;17:00;singles;3274.3000000000106;2310.12
2007;Q3 2007;Jul 2007;14:00;singles;8298.4;5950.450000000001
2007;Q4 2007;Nov 2007;14:00;singles;1829.0200000000016;1478.5700000000002
2007;Q3 2007;Aug 2007;10:00;singles;1735.850000000001;1167.78
2007;Q1 2007;Jan 2007;20:00;klassisk;729.5;461.58000000000004
2006;Q4 2006;Oct 2006;20:00;international;1339.2;577.88
2007;Q1 2007;Jan 2007;21:00;blancs;1649.7;1101.88
2007;Q1 2007;Feb 2007;19:00;international;959.4999999999999;718.97
2006;Q3 2006;Jul 2006;17:00;international;2950.1300000000006;1518.9500000000003
2006;Q3 2006;Aug 2006;18:00;international;1556.5200000000002;838.46
2007;Q4 2007;Nov 2007;19:00;international;3458.3000000000006;1813.6599999999999
2006;Q3 2006;Aug 2006;01:00;klassisk;179.9;93.74
2007;Q1 2007;Mar 2007;09:00;klassisk;1089.4;535.9
2007;Q4 2007;Dec 2007;09:00;dance;26082.84000000006;13945.760000000002
2007;Q2 2007;Apr 2007;18:00;singles;4966.830000000007;2592.0600000000018
2006;Q3 2006;Jul 2006;19:00;singles;7514.620000000003;5616.140000000007
2007;Q4 2007;Nov 2007;23:00;merchandise;24.5;14.059999999999999
2007;Q3 2007;Aug 2007;01:00;merchandise;469.36;248.45
2008;Q1 2008;Feb 2008;23:00;merchandise;2555.56;1370.23
2007;Q1 2007;Mar 2007;23:00;merchandise;113.82;61.24
2007;Q2 2007;Jun 2007;01:00;jazz/blues;179.9;94.31
2007;Q1 2007;Feb 2007;21:00;jazz/blues;1209.4;615.34
2007;Q3 2007;Jul 2007;21:00;budget;99.9;29.6
2007;Q3 2007;Sep 2007;00:00;games;4408.320000000001;2411.2200000000003
2006;Q3 2006;Aug 2006;14:00;budget;120.0;307.57
2006;Q2 2006;Jun 2006;08:00;games;4188.500000000001;2122.01
2007;Q3 2007;Sep 2007;23:00;games;7797.599999999997;3974.270000000001
2007;Q2 2007;May 2007;21:00;klassisk;189.9;103.22
2006;Q2 2006;Jun 2006;17:00;singles;15131.769999999904;7441.960000000001
2007;Q4 2007;Nov 2007;04:00;pop/rock;699.5;382.40999999999997
2007;Q3 2007;Jul 2007;23:00;klassisk;179.9;78.39
2007;Q4 2007;Nov 2007;21:00;klassisk;2568.4000000000005;1358.88
2008;Q1 2008;Mar 2008;21:00;games;9023.219999999998;4963.39
2007;Q1 2007;Mar 2007;23:00;games;579.8;270.0
2007;Q1 2007;Feb 2007;20:00;klassisk;949.5;572.12
2007;Q2 2007;Apr 2007;10:00;klassisk;1585.7600000000004;870.15
2007;Q4 2007;Oct 2007;13:00;klassisk;27152.410000000065;14194.110000000004
2007;Q4 2007;Oct 2007;14:00;klassisk;23964.700000000044;12547.12
2007;Q4 2007;Oct 2007;16:00;klassisk;25906.610000000062;13524.510000000002
2006;Q4 2006;Dec 2006;21:00;klassisk;4447.0;2396.22
2007;Q4 2007;Oct 2007;12:00;klassisk;20145.90000000001;10188.729999999998
2007;Q3 2007;Jul 2007;08:00;klassisk;149.9;105.09
2007;Q3 2007;Jul 2007;21:00;klassisk;749.3;399.95
2007;Q3 2007;Jul 2007;20:00;klassisk;1888.4000000000005;958.9499999999999
2006;Q3 2006;Aug 2006;02:00;games;2839.2000000000003;1070.81
2006;Q4 2006;Nov 2006;17:00;singles;12310.519999999944;7364.47999999999
2006;Q4 2006;Dec 2006;11:00;singles;12177.419999999964;7592.679999999989
2006;Q4 2006;Oct 2006;09:00;singles;1037.3399999999997;613.5799999999999
2007;Q3 2007;Aug 2007;17:00;singles;5480.8100000000095;3708.39
2008;Q2 2008;Apr 2008;10:00;singles;12.0;44.43
2006;Q1 2006;Jan 2006;14:00;games;2059.4;0.0
2006;Q3 2006;Aug 2006;08:00;games;1349.6999999999998;744.65
2008;Q2 2008;Apr 2008;20:00;merchandise;3122.81;1502.9700000000003
2008;Q1 2008;Mar 2008;23:00;merchandise;117.19999999999999;63.04
2007;Q1 2007;Mar 2007;00:00;merchandise;2344.67;1240.75
2006;Q4 2006;Oct 2006;00:00;merchandise;109.9;51.4
2006;Q3 2006;Sep 2006;23:00;merchandise;13.33;4.4
2006;Q1 2006;Jan 2006;13:00;merchandise;546.47;142.18
2007;Q3 2007;Sep 2007;02:00;merchandise;193.23000000000002;77.19
2007;Q3 2007;Aug 2007;07:00;merchandise;19.98;6.63
2007;Q2 2007;May 2007;07:00;merchandise;11.66;4.42
2007;Q2 2007;Jun 2007;07:00;merchandise;6.67;2.21
2006;Q2 2006;Jun 2006;00:00;pop/rock;1259.3000000000002;753.17
2007;Q2 2007;Jun 2007;23:00;singles;164.72000000000003;173.79000000000002
2007;Q2 2007;Jun 2007;16:00;singles;6944.990000000003;5064.410000000001
2007;Q4 2007;Dec 2007;22:00;singles;49.8;24.89
2007;Q4 2007;Dec 2007;21:00;singles;329.40999999999997;219.8
2008;Q1 2008;Feb 2008;09:00;singles;41.9;55.0
2007;Q4 2007;Nov 2007;11:00;singles;741.9299999999996;759.4200000000001
2007;Q4 2007;Oct 2007;11:00;singles;1505.8300000000004;1296.5100000000004
2007;Q3 2007;Jul 2007;11:00;singles;4352.370000000017;3125.22
2007;Q3 2007;Aug 2007;13:00;singles;5164.370000000022;4052.1200000000003
2006;Q4 2006;Dec 2006;20:00;singles;5846.749999999996;3096.5999999999985
2006;Q4 2006;Nov 2006;10:00;singles;3884.3900000000094;2243.7800000000007
2006;Q3 2006;Aug 2006;11:00;singles;5042.820000000021;4351.2000000000035
2006;Q4 2006;Nov 2006;21:00;singles;778.2199999999997;377.91999999999996
2007;Q4 2007;Oct 2007;20:00;singles;641.2199999999998;445.03999999999996
2007;Q1 2007;Feb 2007;20:00;singles;1211.69;683.1700000000001
2007;Q2 2007;Apr 2007;19:00;singles;3424.0800000000104;1815.5299999999997
2007;Q1 2007;Mar 2007;10:00;singles;2788.7900000000095;1942.0299999999997
2007;Q3 2007;Jul 2007;18:00;singles;5457.69000000001;3375.9800000000005
2007;Q2 2007;Apr 2007;16:00;singles;6914.260000000008;3964.420000000003
2007;Q4 2007;Dec 2007;11:00;singles;997.7899999999995;802.64
2007;Q4 2007;Nov 2007;15:00;singles;2150.2900000000027;1532.0200000000002
2007;Q4 2007;Nov 2007;09:00;singles;159.70000000000002;88.72
2007;Q3 2007;Aug 2007;23:00;games;2849.0000000000005;1689.98
2006;Q4 2006;Dec 2006;08:00;games;31605.12;21051.57
2008;Q1 2008;Jan 2008;23:00;games;629.9;327.24
2007;Q3 2007;Sep 2007;02:00;games;2919.0000000000005;1544.2800000000002
2006;Q4 2006;Oct 2006;21:00;singles;658.5299999999997;388.26
2007;Q1 2007;Jan 2007;11:00;singles;3586.420000000011;2167.8199999999997
2008;Q2 2008;Apr 2008;12:00;klassisk;1238.8000000000002;906.81
2007;Q2 2007;Apr 2007;14:00;klassisk;3587.4000000000015;1831.8000000000006
2008;Q1 2008;Feb 2008;18:00;klassisk;8063.799999999991;4481.189999999999
2006;Q3 2006;Aug 2006;09:00;singles;898.5499999999996;633.73
2007;Q3 2007;Jul 2007;02:00;games;1709.6;876.2199999999999
2006;Q1 2006;Jan 2006;11:00;dvd/video;1159.3999999999999;0.0
2006;Q3 2006;Jul 2006;21:00;jazz/blues;459.70000000000005;239.23
2007;Q4 2007;Dec 2007;08:00;blancs;49.9;16.42
2007;Q3 2007;Sep 2007;22:00;blancs;479.6;189.45
2006;Q3 2006;Aug 2006;06:00;pop/rock;869.3;0.0
2006;Q4 2006;Oct 2006;22:00;dance;2018.7000000000005;1057.8
2006;Q4 2006;Oct 2006;10:00;dance;12669.289999999983;7228.400000000006
2007;Q1 2007;Jan 2007;10:00;singles;2114.940000000002;1244.45
2007;Q1 2007;Jan 2007;20:00;singles;1246.9800000000002;657.9300000000001
2007;Q3 2007;Aug 2007;22:00;singles;159.51000000000002;82.0
2006;Q3 2006;Sep 2006;12:00;singles;1189.31;923.4300000000001
2007;Q1 2007;Jan 2007;07:00;jazz/blues;40.0;83.13
2006;Q3 2006;Aug 2006;03:00;merchandise;239.9;0.0
2006;Q4 2006;Oct 2006;01:00;merchandise;219.9;142.01
2006;Q1 2006;Jan 2006;12:00;merchandise;479.8;280.0
2007;Q1 2007;Jan 2007;01:00;merchandise;239.9;142.0
2007;Q1 2007;Feb 2007;08:00;merchandise;528.8;291.2
2006;Q3 2006;Aug 2006;21:00;singles;658.5699999999997;399.62999999999994
2008;Q2 2008;Apr 2008;19:00;klassisk;1039.0;765.62
2007;Q1 2007;Mar 2007;20:00;klassisk;869.4;433.15999999999997
2007;Q4 2007;Oct 2007;09:00;klassisk;2318.5000000000005;1178.1000000000001
2007;Q2 2007;Apr 2007;19:00;klassisk;1149.3000000000002;584.74
2007;Q1 2007;Mar 2007;17:00;klassisk;3378.000000000001;1730.3600000000001
2007;Q4 2007;Oct 2007;20:00;klassisk;3717.820000000001;1961.7900000000004
2006;Q4 2006;Nov 2006;19:00;klassisk;6016.019999999997;2963.520000000001
2007;Q2 2007;Apr 2007;20:00;klassisk;449.70000000000005;239.31
2007;Q1 2007;Feb 2007;11:00;klassisk;3957.700000000001;1985.05
2006;Q3 2006;Aug 2006;09:00;dance;2168.7000000000003;1082.17
2007;Q4 2007;Oct 2007;17:00;dance;40945.000000000226;22719.239999999976
2007;Q1 2007;Jan 2007;21:00;jazz/blues;1239.2;1199.37
2006;Q3 2006;Sep 2006;17:00;jazz/blues;619.6;343.03
2007;Q3 2007;Jul 2007;03:00;games;1719.5;936.49
2006;Q3 2006;Aug 2006;22:00;singles;429.34999999999985;279.89
2006;Q3 2006;Jul 2006;09:00;dance;2678.500000000001;1486.3899999999999
2008;Q2 2008;Apr 2008;17:00;singles;86.8;98.33
2006;Q4 2006;Nov 2006;09:00;singles;1379.3000000000002;809.44
2006;Q2 2006;Jun 2006;10:00;singles;6517.819999999988;3231.470000000001
2006;Q4 2006;Oct 2006;23:00;singles;159.85999999999996;169.94
2006;Q3 2006;Sep 2006;14:00;singles;1407.0800000000002;1024.3
2006;Q3 2006;Sep 2006;16:00;singles;1312.0300000000002;1069.49
2008;Q1 2008;Jan 2008;08:00;merchandise;1879.8000000000002;1254.79
2008;Q2 2008;Apr 2008;10:00;dance;1558.7200000000003;849.5800000000003
2007;Q4 2007;Nov 2007;22:00;skandinavisk;5246.799999999999;2802.999999999999
2006;Q3 2006;Aug 2006;23:00;skandinavisk;669.6;171.39
2007;Q4 2007;Nov 2007;08:00;skandinavisk;1119.22;633.17
2006;Q2 2006;Jun 2006;08:00;klassisk;249.9;130.44
2007;Q1 2007;Mar 2007;10:00;klassisk;2878.2000000000007;1450.9900000000002
2006;Q3 2006;Jul 2006;22:00;singles;509.4399999999998;363.42999999999995
2006;Q3 2006;Jul 2006;21:00;singles;1206.7099999999998;725.61
2006;Q3 2006;Sep 2006;19:00;singles;980.6999999999996;681.27
2007;Q3 2007;Sep 2007;11:00;singles;2614.6600000000076;1791.6599999999999
2006;Q3 2006;Sep 2006;14:00;dance;5466.499999999998;2984.7300000000023
2007;Q1 2007;Jan 2007;07:00;skandinavisk;309.8;178.76
2007;Q3 2007;Jul 2007;08:00;blancs;129.9;51.89
2006;Q2 2006;Jun 2006;22:00;blancs;299.8;139.5
2006;Q1 2006;Jan 2006;15:00;blancs;149.9;0.0
2007;Q1 2007;Jan 2007;22:00;blancs;1699.7;1117.08
2006;Q3 2006;Sep 2006;08:00;blancs;149.9;63.48
2007;Q2 2007;Apr 2007;22:00;blancs;277.31;119.49000000000001
2007;Q1 2007;Feb 2007;22:00;blancs;262.32;119.34
2008;Q1 2008;Feb 2008;08:00;blancs;129.9;47.19
2007;Q4 2007;Nov 2007;22:00;blancs;5829.700000000001;4003.62
2007;Q2 2007;Jun 2007;00:00;skandinavisk;984.4;548.44
2006;Q3 2006;Aug 2006;17:00;international;4050.410000000001;1965.08
2006;Q3 2006;Jul 2006;10:00;singles;5267.020000000015;3990.7000000000025
2007;Q3 2007;Sep 2007;20:00;klassisk;4217.200000000002;2175.9799999999996
2006;Q4 2006;Oct 2006;09:00;klassisk;149.9;61.62
2007;Q2 2007;May 2007;22:00;klassisk;349.79999999999995;156.2
2008;Q2 2008;Apr 2008;11:00;klassisk;1628.7000000000005;1086.97
2007;Q4 2007;Nov 2007;09:00;klassisk;8634.699999999992;4635.429999999999
2007;Q3 2007;Sep 2007;21:00;klassisk;1598.8000000000002;807.23
2007;Q2 2007;Apr 2007;23:00;klassisk;100.0;48.0
2008;Q1 2008;Jan 2008;21:00;klassisk;309.8;144.41
2008;Q1 2008;Jan 2008;22:00;klassisk;349.5;80.0
2006;Q1 2006;Jan 2006;18:00;games;560.0;0.0
2007;Q1 2007;Feb 2007;22:00;klassisk;209.9;168.6
2006;Q4 2006;Oct 2006;20:00;klassisk;359.59999999999997;189.41
2008;Q1 2008;Jan 2008;23:00;singles;19.9;10.0
2007;Q2 2007;Apr 2007;09:00;singles;548.5699999999996;310.1000000000001
2007;Q3 2007;Sep 2007;19:00;singles;2175.4100000000026;1630.58
2006;Q4 2006;Dec 2006;09:00;singles;1166.9999999999998;657.45
2006;Q3 2006;Sep 2006;09:00;singles;179.72000000000003;152.03
2006;Q2 2006;Jun 2006;21:00;singles;1245.95;512.8499999999999
2006;Q2 2006;Jun 2006;00:00;singles;250.9;229.65
2006;Q3 2006;Sep 2006;17:00;singles;1207.5499999999995;764.6000000000001
2006;Q3 2006;Jul 2006;09:00;singles;1087.7799999999997;790.6699999999998
2007;Q4 2007;Nov 2007;20:00;singles;589.2299999999998;339.45
2007;Q3 2007;Sep 2007;20:00;singles;684.0999999999996;494.73
2008;Q2 2008;Apr 2008;18:00;singles;27.0;70.08
2007;Q1 2007;Mar 2007;22:00;singles;279.01;100.91
2006;Q4 2006;Dec 2006;00:00;merchandise;9397.499999999995;4297.789999999997
2007;Q1 2007;Mar 2007;08:00;games;429.79999999999995;233.33999999999997
2007;Q1 2007;Feb 2007;08:00;games;149.9;72.3
2007;Q2 2007;Jun 2007;01:00;merchandise;263.0;154.44
2007;Q1 2007;Feb 2007;20:00;international;349.8;231.86
2007;Q2 2007;Jun 2007;14:00;international;2398.4200000000005;1172.91
2006;Q2 2006;Jun 2006;20:00;international;269.8;141.69
2006;Q3 2006;Sep 2006;14:00;international;779.5;401.83000000000004
2007;Q1 2007;Mar 2007;21:00;international;169.9;89.55
2007;Q2 2007;Apr 2007;10:00;international;1339.2;601.5999999999999
2007;Q1 2007;Mar 2007;11:00;international;1204.22;493.71
2007;Q1 2007;Feb 2007;11:00;international;519.7;264.28
2006;Q3 2006;Aug 2006;22:00;dance;1808.9000000000003;917.33
2006;Q3 2006;Sep 2006;10:00;singles;430.0399999999998;347.96999999999997
2007;Q4 2007;Dec 2007;20:00;singles;688.2799999999997;416.72
2007;Q3 2007;Sep 2007;08:00;merchandise;227.32;119.2
2007;Q2 2007;May 2007;03:00;games;1649.5;0.0
2007;Q2 2007;Jun 2007;00:00;dance;354.8;271.5
2007;Q4 2007;Oct 2007;22:00;international;339.8;166.7
2007;Q4 2007;Dec 2007;18:00;international;9012.319999999992;4372.039999999998
2007;Q4 2007;Oct 2007;11:00;international;5906.099999999997;2862.109999999999
2006;Q3 2006;Jul 2006;10:00;international;2658.2000000000007;1388.3600000000001
2006;Q3 2006;Aug 2006;11:00;international;2338.6000000000004;984.38
2006;Q3 2006;Jul 2006;20:00;international;609.7;397.82
2006;Q2 2006;Jun 2006;19:00;international;1594.0000000000002;898.67
2006;Q2 2006;Jun 2006;11:00;international;1534.1200000000003;886.52
2006;Q3 2006;Sep 2006;12:00;international;349.8;168.21
2006;Q3 2006;Aug 2006;19:00;international;1966.2200000000005;1010.23
2006;Q3 2006;Aug 2006;22:00;international;599.6;293.11
2007;Q4 2007;Oct 2007;09:00;international;1139.3;539.55
2007;Q1 2007;Feb 2007;10:00;international;329.8;147.22
2006;Q4 2006;Nov 2006;21:00;international;289.8;157.63
2006;Q2 2006;Jun 2006;13:00;international;3237.900000000001;1923.3499999999995
2006;Q4 2006;Dec 2006;09:00;international;249.9;157.63
2006;Q2 2006;Jun 2006;18:00;international;1778.9000000000003;1028.42
2006;Q3 2006;Sep 2006;13:00;singles;790.0099999999999;779.55
2007;Q4 2007;Nov 2007;17:00;singles;2001.580000000002;1292.1100000000004
2006;Q4 2006;Nov 2006;09:00;klassisk;1279.1000000000001;665.15
2007;Q3 2007;Sep 2007;22:00;klassisk;729.4;365.08000000000004
2007;Q4 2007;Oct 2007;22:00;klassisk;799.5;415.56
2007;Q1 2007;Jan 2007;23:00;games;2469.2200000000003;1500.14
2007;Q4 2007;Dec 2007;17:00;budget;99.9;88.67
2007;Q2 2007;May 2007;00:00;merchandise;399.9;0.0
2007;Q3 2007;Jul 2007;00:00;skandinavisk;369.9;266.89
2007;Q1 2007;Jan 2007;06:00;games;200.0;101.63
2006;Q4 2006;Oct 2006;23:00;klassisk;179.9;84.21
2007;Q2 2007;May 2007;07:00;klassisk;169.9;87.01
2007;Q1 2007;Feb 2007;21:00;klassisk;359.8;198.04
2007;Q1 2007;Feb 2007;09:00;klassisk;509.70000000000005;271.56
2007;Q4 2007;Oct 2007;17:00;international;8924.819999999992;4379.320000000001
2007;Q3 2007;Sep 2007;10:00;international;11882.599999999984;5581.6900000000005
2007;Q4 2007;Nov 2007;14:00;international;4797.099999999999;2393.56
2007;Q3 2007;Jul 2007;09:00;international;5096.699999999999;2658.419999999999
2007;Q3 2007;Aug 2007;20:00;international;8649.599999999991;4169.520000000004
2007;Q3 2007;Sep 2007;20:00;international;2018.7000000000005;1010.4299999999998
2006;Q3 2006;Jul 2006;11:00;international;2797.3000000000006;1520.3500000000001
2006;Q3 2006;Jul 2006;09:00;international;99.9;51.6
2006;Q3 2006;Aug 2006;21:00;international;227.32;0.0
2006;Q3 2006;Aug 2006;10:00;international;567.12;293.14
2006;Q2 2006;Jun 2006;16:00;international;1289.1000000000001;703.5400000000001
2006;Q3 2006;Jul 2006;21:00;international;1349.1000000000001;716.98
2006;Q3 2006;Sep 2006;15:00;international;269.8;139.2
2006;Q3 2006;Sep 2006;10:00;international;249.8;139.2
2006;Q2 2006;Jun 2006;22:00;international;699.5;350.90999999999997
2006;Q2 2006;Jun 2006;10:00;international;939.3;578.0300000000001
2006;Q2 2006;Jun 2006;12:00;international;2998.000000000001;1621.0300000000004
2006;Q3 2006;Sep 2006;16:00;international;609.6;314.28000000000003
2007;Q2 2007;May 2007;08:00;international;99.9;53.4
2007;Q3 2007;Jul 2007;21:00;international;3567.700000000001;1770.5200000000002
2007;Q4 2007;Dec 2007;22:00;international;99.9;53.54
2007;Q3 2007;Jul 2007;22:00;international;2278.5000000000005;1179.1900000000003
2007;Q2 2007;May 2007;22:00;international;124.9;109.21000000000001
2008;Q1 2008;Jan 2008;22:00;skandinavisk;1898.7000000000005;1011.3200000000002
2007;Q1 2007;Jan 2007;21:00;klassisk;99.9;50.75
2006;Q3 2006;Sep 2006;08:00;games;299.9;137.48
2008;Q1 2008;Jan 2008;09:00;singles;65.9;148.25
2007;Q4 2007;Nov 2007;12:00;singles;1586.3900000000008;1263.0
2007;Q3 2007;Aug 2007;01:00;singles;139.5;49.8
2006;Q4 2006;Oct 2006;10:00;budget;50.0;86.15
2006;Q4 2006;Dec 2006;22:00;dance;4479.620000000001;2467.7999999999997
2008;Q2 2008;Apr 2008;08:00;games;200.0;97.67
2006;Q4 2006;Nov 2006;23:00;games;2119.6;1213.21
2006;Q1 2006;Jan 2006;10:00;pop/rock;529.7;0.0
2007;Q2 2007;Apr 2007;08:00;dance;169.9;88.0
2007;Q3 2007;Sep 2007;08:00;games;2029.4;1082.8500000000001
2007;Q4 2007;Oct 2007;23:00;games;2809.4;1574.7300000000002
2007;Q4 2007;Dec 2007;08:00;games;5791.139999999999;3315.23
2007;Q2 2007;Jun 2007;08:00;skandinavisk;939.4;496.6
2006;Q3 2006;Aug 2006;04:00;skandinavisk;80.0;0.0
2008;Q1 2008;Mar 2008;14:00;budget;100.0;24.45
2006;Q4 2006;Dec 2006;14:00;budget;5.0;24.45
2006;Q3 2006;Aug 2006;05:00;dvd/video;149.9;0.0
2006;Q3 2006;Sep 2006;08:00;merchandise;40.0;19.8
2006;Q3 2006;Aug 2006;07:00;merchandise;20.0;0.0
2006;Q3 2006;Sep 2006;11:00;singles;400.4499999999998;359.61
2007;Q4 2007;Nov 2007;21:00;dance;2425.7700000000013;1376.08
2006;Q1 2006;Jan 2006;11:00;games;829.9;0.0
2008;Q1 2008;Mar 2008;23:00;games;599.9;342.59000000000003
2006;Q3 2006;Sep 2006;18:00;singles;748.6599999999996;608.94
2007;Q3 2007;Aug 2007;21:00;dance;2288.5000000000005;1124.03
2006;Q4 2006;Dec 2006;22:00;singles;421.5299999999999;201.64000000000001
2007;Q1 2007;Jan 2007;08:00;merchandise;99.80000000000001;40.23
2007;Q3 2007;Jul 2007;14:00;budget;25.0;25.48
2008;Q1 2008;Feb 2008;20:00;dance;5336.919999999999;2967.5600000000004
2008;Q2 2008;Apr 2008;15:00;dance;2632.630000000001;1334.9600000000003
2007;Q1 2007;Feb 2007;22:00;budget;60.0;116.48
2007;Q3 2007;Sep 2007;14:00;singles;3777.540000000019;2976.38
2006;Q4 2006;Nov 2006;06:00;dvd/video;789.6999999999999;441.39
2006;Q3 2006;Sep 2006;09:00;dance;1099.3;610.56
2008;Q1 2008;Mar 2008;21:00;skandinavisk;1208.3000000000002;699.3800000000001
2006;Q3 2006;Sep 2006;15:00;singles;1349.5500000000002;921.81
2006;Q3 2006;Aug 2006;23:00;singles;139.84000000000003;70.47
2006;Q2 2006;Jun 2006;09:00;singles;917.5299999999995;490.6
2006;Q4 2006;Oct 2006;19:00;jazz/blues;5714.019999999999;3109.0299999999997
2007;Q3 2007;Sep 2007;09:00;jazz/blues;2898.2000000000007;1506.94
2006;Q3 2006;Aug 2006;04:00;jazz/blues;149.9;0.0
2006;Q3 2006;Sep 2006;19:00;jazz/blues;319.8;165.54000000000002
2008;Q1 2008;Jan 2008;22:00;blancs;4299.7;2971.38
2006;Q3 2006;Sep 2006;20:00;blancs;149.9;68.22
2006;Q1 2006;Jan 2006;13:00;blancs;149.9;0.0
2006;Q3 2006;Sep 2006;22:00;blancs;149.9;68.22
2007;Q3 2007;Sep 2007;23:00;blancs;149.9;59.35
2006;Q4 2006;Dec 2006;23:00;skandinavisk;15133.119999999979;7453.220000000001
2006;Q3 2006;Sep 2006;10:00;klassisk;119.9;57.42
2008;Q2 2008;Apr 2008;16:00;klassisk;1423.8000000000002;1035.6399999999999
2007;Q4 2007;Dec 2007;10:00;singles;684.4599999999997;429.96000000000004
2007;Q3 2007;Jul 2007;22:00;singles;378.91999999999996;160.43
2007;Q2 2007;Apr 2007;10:00;singles;1855.770000000001;1260.4599999999996
2006;Q2 2006;Jun 2006;22:00;jazz/blues;289.82;174.07999999999998
2006;Q4 2006;Oct 2006;22:00;jazz/blues;589.7;278.15
2007;Q4 2007;Nov 2007;08:00;merchandise;89.69999999999999;9.0
2008;Q1 2008;Feb 2008;05:00;merchandise;10.0;3.0
2006;Q3 2006;Aug 2006;04:00;merchandise;29.9;0.0
2006;Q3 2006;Aug 2006;06:00;merchandise;29.9;0.0
2006;Q4 2006;Dec 2006;02:00;merchandise;10.0;0.0
2007;Q2 2007;Apr 2007;07:00;merchandise;29.9;3.0
2006;Q4 2006;Oct 2006;11:00;international;1679.0000000000002;847.34
2006;Q4 2006;Oct 2006;21:00;international;489.70000000000005;232.72000000000003
2006;Q4 2006;Nov 2006;22:00;international;509.70000000000005;262.20000000000005
2006;Q2 2006;Jun 2006;08:00;international;299.8;176.22
2006;Q3 2006;Sep 2006;13:00;international;859.5;432.46
2006;Q2 2006;Jun 2006;09:00;international;299.8;176.22
2006;Q3 2006;Sep 2006;09:00;international;169.9;87.54
2006;Q3 2006;Sep 2006;18:00;international;169.9;87.54
2006;Q3 2006;Jul 2006;01:00;pop/rock;769.5;420.32
2006;Q3 2006;Sep 2006;22:00;jazz/blues;269.8;140.42000000000002
2006;Q1 2006;Jan 2006;13:00;games;1879.5;0.0
2008;Q1 2008;Mar 2008;22:00;international;224.84;127.71000000000001
2007;Q1 2007;Jan 2007;22:00;international;299.8;57.44
2007;Q4 2007;Nov 2007;22:00;international;149.9;57.31
2007;Q4 2007;Dec 2007;13:00;international;24540.21000000005;11773.899999999976
2008;Q2 2008;Apr 2008;16:00;singles;28.0;66.12
2008;Q2 2008;Apr 2008;19:00;singles;6.0;6.13
2007;Q2 2007;Jun 2007;00:00;singles;40.019999999999996;60.11
2007;Q2 2007;May 2007;03:00;dvd/video;769.6999999999999;0.0
2006;Q4 2006;Nov 2006;22:00;singles;239.32;118.14
2006;Q3 2006;Jul 2006;00:00;pop/rock;1049.3999999999999;562.73
2006;Q1 2006;Jan 2006;17:00;pop/rock;1828.7000000000005;0.0
2007;Q2 2007;Apr 2007;21:00;dance;1569.0000000000002;799.7700000000001
2008;Q1 2008;Mar 2008;20:00;international;699.5;365.78000000000003
2006;Q3 2006;Aug 2006;03:00;games;899.9;0.0
2008;Q1 2008;Feb 2008;06:00;klassisk;169.9;87.99
2006;Q4 2006;Dec 2006;07:00;pop/rock;239.8;123.12
2007;Q4 2007;Nov 2007;21:00;skandinavisk;8542.119999999994;4627.249999999998
2006;Q4 2006;Oct 2006;09:00;dance;2898.100000000001;1663.83
2006;Q3 2006;Sep 2006;10:00;dance;2148.6000000000004;1212.61
2007;Q1 2007;Mar 2007;21:00;dance;1838.8000000000004;1030.1100000000001
2007;Q2 2007;Jun 2007;08:00;dance;579.6;295.02
2007;Q2 2007;Apr 2007;09:00;dance;1726.4200000000003;894.4399999999999
2007;Q3 2007;Aug 2007;03:00;dance;119.9;49.51
2008;Q1 2008;Jan 2008;09:00;dance;7184.209999999995;3865.89
2006;Q3 2006;Jul 2006;00:00;singles;29.9;10.0
2006;Q2 2006;Jun 2006;08:00;singles;269.12;110.0
2006;Q3 2006;Sep 2006;08:00;singles;59.8;19.98
2006;Q3 2006;Sep 2006;21:00;singles;179.5;69.96000000000001
2006;Q3 2006;Aug 2006;21:00;jazz/blues;779.6999999999999;378.51
2007;Q4 2007;Nov 2007;10:00;singles;478.6999999999999;278.71
2007;Q2 2007;Jun 2007;20:00;budget;25.0;89.95
2007;Q2 2007;May 2007;09:00;jazz/blues;3607.900000000001;1968.1899999999998
2007;Q3 2007;Jul 2007;09:00;singles;289.64999999999986;305.0
2006;Q3 2006;Sep 2006;22:00;singles;79.9;51.47
2008;Q1 2008;Mar 2008;20:00;dance;4496.730000000001;2363.87
2008;Q1 2008;Feb 2008;09:00;international;1459.1000000000001;765.38
2006;Q3 2006;Jul 2006;23:00;international;169.9;89.42
2006;Q3 2006;Aug 2006;01:00;international;169.9;88.31
2008;Q1 2008;Feb 2008;22:00;singles;3.0;10.0
2006;Q3 2006;Aug 2006;00:00;singles;0.11;20.0
2007;Q3 2007;Sep 2007;09:00;singles;339.54999999999984;370.0
2006;Q4 2006;Nov 2006;09:00;jazz/blues;6276.119999999997;3471.5299999999997
2006;Q4 2006;Oct 2006;00:00;skandinavisk;329.8;181.03
2006;Q3 2006;Sep 2006;10:00;jazz/blues;509.70000000000005;261.6
2006;Q2 2006;Jun 2006;23:00;skandinavisk;159.9;84.7
2006;Q1 2006;Jan 2006;13:00;pop/rock;1528.9000000000003;0.0
2006;Q3 2006;Jul 2006;08:00;singles;29.91;20.04
2006;Q3 2006;Aug 2006;01:00;singles;15.0;0.0
2007;Q4 2007;Dec 2007;22:00;dance;8054.799999999993;4191.259999999998
2006;Q2 2006;Jun 2006;08:00;dance;299.8;176.0
2006;Q3 2006;Sep 2006;23:00;pop/rock;489.70000000000005;265.71000000000004
2006;Q3 2006;Aug 2006;04:00;singles;0.1;0.0
2007;Q3 2007;Aug 2007;04:00;skandinavisk;169.9;96.76
2006;Q3 2006;Jul 2006;08:00;skandinavisk;509.70000000000005;269.22
2007;Q3 2007;Sep 2007;07:00;merchandise;119.80000000000001;55.0
2007;Q2 2007;Jun 2007;08:00;games;1254.62;760.8100000000001
2006;Q4 2006;Nov 2006;08:00;skandinavisk;4713.620000000001;2651.9699999999993
2007;Q3 2007;Aug 2007;09:00;singles;169.65999999999997;159.79
2006;Q4 2006;Dec 2006;22:00;jazz/blues;1738.9000000000003;961.13
2006;Q4 2006;Nov 2006;07:00;dvd/video;2019.0000000000005;1087.0
2006;Q3 2006;Jul 2006;00:00;dvd/video;179.9;95.0
2007;Q3 2007;Jul 2007;09:00;budget;50.0;57.31
2008;Q1 2008;Jan 2008;10:00;budget;40.0;57.31
2007;Q3 2007;Jul 2007;10:00;budget;50.0;57.31
2006;Q3 2006;Sep 2006;11:00;international;169.9;85.0
2006;Q4 2006;Dec 2006;23:00;international;169.9;98.1
2007;Q2 2007;May 2007;22:00;jazz/blues;339.8;170.87
2007;Q2 2007;Apr 2007;22:00;jazz/blues;1209.3000000000002;655.39
2006;Q4 2006;Dec 2006;23:00;dance;1831.3200000000004;891.77
2006;Q3 2006;Aug 2006;23:00;dance;179.9;96.3
2007;Q1 2007;Jan 2007;22:00;singles;139.5;41.46
2007;Q3 2007;Sep 2007;01:00;dance;919.3;522.46
2006;Q3 2006;Sep 2006;20:00;dance;2138.6000000000004;1216.06
2007;Q2 2007;Apr 2007;23:00;dance;169.9;85.92
2007;Q3 2007;Sep 2007;23:00;skandinavisk;1019.3;565.28
2007;Q3 2007;Aug 2007;04:00;games;1889.3000000000002;836.51
2007;Q4 2007;Nov 2007;01:00;dvd/video;809.8;412.06
2006;Q3 2006;Aug 2006;07:00;pop/rock;99.9;0.0
2008;Q1 2008;Mar 2008;23:00;dance;169.9;89.89
2006;Q4 2006;Nov 2006;22:00;dance;769.5;417.87
2006;Q3 2006;Aug 2006;06:00;singles;0.1;0.0
2008;Q2 2008;Apr 2008;21:00;games;1222.12;647.09
2006;Q4 2006;Oct 2006;01:00;pop/rock;419.72;255.02
2006;Q1 2006;Jan 2006;18:00;pop/rock;589.6;0.0
2006;Q3 2006;Aug 2006;08:00;dance;169.9;90.2
2007;Q2 2007;May 2007;00:00;skandinavisk;329.8;0.0
2007;Q3 2007;Aug 2007;01:00;skandinavisk;1179.2;648.28
2006;Q1 2006;Jan 2006;19:00;pop/rock;479.70000000000005;0.0
2007;Q4 2007;Oct 2007;21:00;dance;3017.810000000001;1679.73
2006;Q4 2006;Dec 2006;00:00;dance;299.8;173.92000000000002
2006;Q4 2006;Oct 2006;08:00;dance;299.8;86.63
2007;Q4 2007;Oct 2007;09:00;dance;3562.3100000000018;2007.1599999999999
2007;Q2 2007;May 2007;02:00;singles;109.80000000000001;0.0
2007;Q2 2007;Jun 2007;09:00;singles;418.8499999999998;298.92
2006;Q4 2006;Nov 2006;08:00;dance;619.6;354.75
2006;Q4 2006;Dec 2006;07:00;dvd/video;1049.8;582.8
2007;Q1 2007;Jan 2007;01:00;dvd/video;649.9;0.0
2006;Q4 2006;Nov 2006;08:00;singles;369.13999999999993;229.26999999999998
2006;Q4 2006;Oct 2006;08:00;singles;59.81;10.0
2006;Q4 2006;Dec 2006;23:00;singles;149.54;97.28999999999999
2006;Q4 2006;Oct 2006;07:00;singles;29.9;10.0
2006;Q3 2006;Sep 2006;08:00;dance;127.42;88.0
2006;Q4 2006;Nov 2006;23:00;dance;364.72;120.0
2008;Q2 2008;Apr 2008;15:00;jazz/blues;1388.9;733.19
2008;Q2 2008;Apr 2008;13:00;jazz/blues;1118.8999999999999;551.99
2007;Q2 2007;Apr 2007;21:00;jazz/blues;1151.72;774.86
2007;Q1 2007;Feb 2007;08:00;jazz/blues;80.0;88.11
2007;Q3 2007;Jul 2007;01:00;skandinavisk;329.8;172.04
2007;Q3 2007;Aug 2007;23:00;skandinavisk;989.4;419.57000000000005
2007;Q3 2007;Aug 2007;03:00;skandinavisk;479.70000000000005;242.33
2007;Q3 2007;Jul 2007;03:00;skandinavisk;799.5;433.29999999999995
2007;Q3 2007;Aug 2007;00:00;skandinavisk;949.4;514.54
2007;Q1 2007;Feb 2007;09:00;singles;219.32;93.62
2006;Q1 2006;Jan 2006;19:00;games;299.9;0.0
2006;Q4 2006;Oct 2006;23:00;dance;469.70000000000005;266.76
2008;Q1 2008;Feb 2008;07:00;skandinavisk;1479.1000000000001;791.7600000000001
2006;Q4 2006;Dec 2006;08:00;skandinavisk;1948.8000000000004;1026.6
2006;Q4 2006;Oct 2006;08:00;skandinavisk;759.5999999999999;344.56999999999994
2006;Q4 2006;Oct 2006;23:00;skandinavisk;1079.3;604.27
2006;Q4 2006;Oct 2006;07:00;skandinavisk;449.70000000000005;253.92000000000002
2006;Q1 2006;Jan 2006;11:00;skandinavisk;729.5;0.0
2006;Q1 2006;Jan 2006;12:00;skandinavisk;609.6;0.0
2006;Q1 2006;Jan 2006;15:00;skandinavisk;549.6;0.0
2006;Q1 2006;Jan 2006;17:00;skandinavisk;319.8;0.0
2006;Q1 2006;Jan 2006;13:00;skandinavisk;159.9;0.0
2006;Q1 2006;Jan 2006;16:00;skandinavisk;159.9;0.0
2007;Q2 2007;May 2007;03:00;skandinavisk;169.9;0.0
2008;Q2 2008;Apr 2008;11:00;jazz/blues;449.6;236.3
2008;Q1 2008;Jan 2008;20:00;jazz/blues;2558.2000000000007;1234.5
2007;Q2 2007;Jun 2007;21:00;jazz/blues;1319.2;681.84
2008;Q1 2008;Feb 2008;06:00;skandinavisk;639.6;337.93
2006;Q1 2006;Jan 2006;11:00;pop/rock;799.51;0.0
2007;Q4 2007;Nov 2007;20:00;international;1969.1000000000004;993.8
2006;Q1 2006;Jan 2006;16:00;games;1579.6;0.0
2007;Q3 2007;Jul 2007;23:00;skandinavisk;1509.0000000000002;649.16
2008;Q2 2008;Apr 2008;19:00;dance;2250.8000000000006;1109.46
2007;Q4 2007;Nov 2007;08:00;dance;99.91000000000001;64.83
2007;Q3 2007;Jul 2007;04:00;dance;249.8;142.89
2007;Q2 2007;May 2007;03:00;dance;339.8;0.0
2007;Q1 2007;Jan 2007;09:00;singles;279.15999999999997;185.95
2007;Q3 2007;Jul 2007;09:00;dance;4834.42;2621.64
2007;Q3 2007;Sep 2007;02:00;skandinavisk;479.70000000000005;255.32
2007;Q1 2007;Jan 2007;08:00;skandinavisk;179.9;95.99
2006;Q4 2006;Oct 2006;00:00;games;1299.6999999999998;752.84
2007;Q1 2007;Jan 2007;05:00;games;299.9;161.04
2006;Q4 2006;Oct 2006;07:00;games;899.8;337.5
2007;Q3 2007;Jul 2007;03:00;jazz/blues;319.8;170.45
2006;Q4 2006;Nov 2006;08:00;jazz/blues;159.9;88.0
2007;Q1 2007;Jan 2007;23:00;jazz/blues;129.9;88.0
2006;Q1 2006;Jan 2006;11:00;singles;0.01;0.0
2006;Q4 2006;Nov 2006;00:00;dvd/video;179.9;85.0
2007;Q1 2007;Jan 2007;23:00;singles;82.22;19.990000000000002
2007;Q1 2007;Feb 2007;22:00;singles;30.000000000000004;108.62
2006;Q1 2006;Jan 2006;18:00;skandinavisk;129.9;0.0
2006;Q1 2006;Jan 2006;14:00;skandinavisk;309.8;0.0
2006;Q4 2006;Nov 2006;06:00;skandinavisk;159.9;86.24
2006;Q1 2006;Jan 2006;10:00;skandinavisk;259.8;0.0
2008;Q1 2008;Jan 2008;08:00;games;1099.5;560.46
2007;Q1 2007;Jan 2007;07:00;games;299.9;173.46
2007;Q1 2007;Jan 2007;06:00;merchandise;79.9;39.48
2007;Q3 2007;Jul 2007;21:00;singles;459.0199999999998;389.43
2007;Q3 2007;Sep 2007;21:00;singles;99.92;80.01
2007;Q3 2007;Jul 2007;02:00;skandinavisk;169.9;96.32
2007;Q3 2007;Aug 2007;23:00;blancs;1399.9;956.11
2007;Q3 2007;Aug 2007;06:00;games;429.9;239.13
2008;Q1 2008;Feb 2008;07:00;merchandise;2019.8000000000002;1398.81
2006;Q1 2006;Jan 2006;17:00;games;429.9;0.0
2007;Q2 2007;Jun 2007;16:00;Membercard;169.9;88.21
2007;Q2 2007;Apr 2007;15:00;Membercard;169.9;88.21
2007;Q3 2007;Jul 2007;16:00;Membercard;169.9;88.21
2007;Q4 2007;Dec 2007;13:00;Membercard;169.9;88.7
2007;Q4 2007;Dec 2007;12:00;Membercard;169.9;88.7
2008;Q1 2008;Mar 2008;18:00;Membercard;169.9;88.7
2007;Q4 2007;Oct 2007;16:00;Membercard;149.9;88.7
2007;Q2 2007;Apr 2007;13:00;Membercard;149.9;88.21
2007;Q3 2007;Aug 2007;16:00;Membercard;339.8;177.4
2006;Q4 2006;Dec 2006;15:00;Membercard;434.71000000000004;264.36
2006;Q4 2006;Dec 2006;14:00;Membercard;599.6;352.5400000000001
2006;Q4 2006;Dec 2006;17:00;Membercard;299.8;176.27
2006;Q4 2006;Dec 2006;16:00;Membercard;899.4;528.6300000000001
2006;Q4 2006;Dec 2006;20:00;Membercard;149.9;88.09
2006;Q4 2006;Nov 2006;19:00;Membercard;599.6;352.2
2006;Q4 2006;Nov 2006;20:00;Membercard;262.32;176.1
2006;Q4 2006;Nov 2006;13:00;Membercard;694.54;440.33000000000004
2006;Q4 2006;Dec 2006;12:00;Membercard;299.8;176.36
2006;Q4 2006;Dec 2006;18:00;Membercard;149.9;88.18
2006;Q4 2006;Nov 2006;11:00;Membercard;299.8;176.1
2006;Q4 2006;Nov 2006;18:00;Membercard;449.70000000000005;264.15
2006;Q4 2006;Dec 2006;19:00;Membercard;149.9;88.18
2006;Q4 2006;Nov 2006;15:00;Membercard;299.8;176.1
2006;Q4 2006;Nov 2006;12:00;Membercard;149.9;88.05
2006;Q4 2006;Nov 2006;14:00;Membercard;374.74;264.19
2006;Q4 2006;Nov 2006;10:00;Membercard;149.9;88.05
2006;Q4 2006;Dec 2006;13:00;Membercard;1011.8199999999999;617.1700000000001
2006;Q4 2006;Dec 2006;23:00;Membercard;149.9;88.18
2007;Q1 2007;Jan 2007;11:00;Membercard;469.70000000000005;264.54
2007;Q1 2007;Jan 2007;13:00;Membercard;299.8;176.36
2007;Q1 2007;Jan 2007;17:00;Membercard;169.9;88.18
2006;Q4 2006;Dec 2006;11:00;Membercard;149.9;88.18
2007;Q3 2007;Jul 2007;13:00;Membercard;149.9;88.21
2007;Q2 2007;Apr 2007;14:00;Membercard;149.9;88.21
2007;Q2 2007;Jun 2007;18:00;Membercard;169.9;88.21
2007;Q4 2007;Dec 2007;19:00;Membercard;169.9;88.7
2007;Q4 2007;Dec 2007;15:00;Membercard;169.9;88.7
2007;Q1 2007;Feb 2007;18:00;Membercard;127.42;88.21
2007;Q2 2007;May 2007;12:00;Membercard;169.9;88.21
2007;Q1 2007;Feb 2007;15:00;Membercard;149.9;88.21
2007;Q1 2007;Mar 2007;13:00;Membercard;40.0;88.21
2007;Q1 2007;Mar 2007;20:00;Membercard;169.9;88.21
2007;Q3 2007;Jul 2007;09:00;Membercard;169.9;88.21
2007;Q2 2007;May 2007;14:00;Membercard;169.9;88.21
2007;Q2 2007;Apr 2007;17:00;Membercard;169.9;88.21
2007;Q1 2007;Mar 2007;22:00;Membercard;169.9;88.21
2007;Q3 2007;Aug 2007;22:00;Membercard;169.9;88.7
2007;Q3 2007;Jul 2007;20:00;Membercard;169.9;88.21
2008;Q2 2008;Apr 2008;13:00;dance;3441.740000000002;1753.4800000000007
2007;Q3 2007;Aug 2007;02:00;dance;249.8;141.01
2007;Q1 2007;Feb 2007;21:00;singles;149.51999999999998;69.78
2007;Q1 2007;Jan 2007;08:00;singles;59.809999999999995;29.54
2007;Q2 2007;May 2007;23:00;singles;59.8;20.0
2006;Q1 2006;Jan 2006;10:00;games;774.8;0.0
2007;Q2 2007;Apr 2007;09:00;klassisk;159.9;87.65
2008;Q2 2008;Apr 2008;17:00;klassisk;709.4;531.8299999999999
2008;Q2 2008;Apr 2008;18:00;klassisk;809.3;608.15
2007;Q4 2007;Dec 2007;22:00;klassisk;6041.359999999997;3308.869999999999
2006;Q4 2006;Dec 2006;08:00;klassisk;159.9;89.39
2006;Q4 2006;Dec 2006;23:00;klassisk;479.62;268.7
2007;Q2 2007;Apr 2007;08:00;klassisk;159.9;87.65
2007;Q2 2007;Jun 2007;08:00;singles;109.80000000000001;69.43
2007;Q2 2007;Jun 2007;01:00;games;1079.6999999999998;583.85
2008;Q1 2008;Feb 2008;06:00;dance;519.6;420.53
2007;Q3 2007;Sep 2007;07:00;dance;249.8;136.63
2007;Q3 2007;Aug 2007;07:00;games;749.8;391.46000000000004
2007;Q2 2007;May 2007;07:00;games;479.9;259.03999999999996
2007;Q3 2007;Aug 2007;08:00;skandinavisk;1658.9000000000003;925.88
2008;Q1 2008;Mar 2008;22:00;dance;352.24;266.09000000000003
2007;Q3 2007;Sep 2007;07:00;games;2488.4;1359.1800000000003
2007;Q2 2007;May 2007;00:00;games;579.8;0.0
2007;Q1 2007;Jan 2007;05:00;merchandise;99.0;75.0
2007;Q4 2007;Dec 2007;07:00;merchandise;622.34;414.48
2007;Q2 2007;Jun 2007;08:00;merchandise;312.42;148.73
2007;Q2 2007;May 2007;04:00;dvd/video;609.8;0.0
2007;Q3 2007;Aug 2007;08:00;games;349.9;266.87
2007;Q2 2007;May 2007;23:00;games;299.9;151.21
2007;Q2 2007;May 2007;00:00;pop/rock;609.5;0.0
2007;Q1 2007;Mar 2007;21:00;singles;299.13;140.0
2007;Q1 2007;Jan 2007;01:00;games;1159.7;682.8199999999999
2007;Q1 2007;Jan 2007;08:00;games;749.7;485.73
2007;Q3 2007;Aug 2007;22:00;international;1289.2;564.29
2007;Q2 2007;Apr 2007;09:00;international;169.9;88.32
2007;Q2 2007;May 2007;23:00;international;169.9;88.23
2007;Q4 2007;Dec 2007;10:00;international;11033.999999999987;5209.229999999996
2006;Q3 2006;Sep 2006;09:00;klassisk;179.9;81.38
2007;Q3 2007;Aug 2007;22:00;klassisk;779.4;387.65
2007;Q2 2007;May 2007;02:00;skandinavisk;319.8;0.0
2007;Q2 2007;May 2007;03:00;singles;29.9;0.0
2008;Q1 2008;Mar 2008;21:00;singles;9.0;20.009999999999998
2008;Q2 2008;Apr 2008;17:00;jazz/blues;914.2199999999999;535.77
2007;Q4 2007;Nov 2007;03:00;pop/rock;239.8;123.89
2008;Q1 2008;Mar 2008;09:00;dance;2268.2000000000007;1205.83
2008;Q2 2008;Apr 2008;11:00;dance;2627.410000000001;1426.78
2007;Q2 2007;Jun 2007;06:00;pop/rock;159.9;88.9
2007;Q3 2007;Aug 2007;07:00;dvd/video;769.6999999999999;387.75
2007;Q2 2007;May 2007;01:00;skandinavisk;339.8;0.0
2007;Q2 2007;Apr 2007;07:00;singles;0.01;10.0
2007;Q2 2007;May 2007;00:00;singles;171.92;0.0
2007;Q3 2007;Aug 2007;01:00;klassisk;169.9;0.0
2006;Q2 2006;Jun 2006;23:00;international;89.9;85.64
2007;Q1 2007;Mar 2007;00:00;jazz/blues;169.9;88.0
2007;Q4 2007;Nov 2007;12:00;international;2978.2000000000007;1361.5399999999995
2007;Q1 2007;Mar 2007;00:00;dvd/video;2339.7;1463.08
2007;Q2 2007;Apr 2007;23:00;singles;59.8;20.0
2007;Q2 2007;May 2007;01:00;singles;149.5;0.0
2008;Q1 2008;Jan 2008;08:00;singles;6.0;20.0
2008;Q2 2008;Apr 2008;10:00;jazz/blues;1039.1;757.89
2007;Q2 2007;Apr 2007;09:00;jazz/blues;3258.020000000001;1795.7899999999995
2007;Q2 2007;May 2007;07:00;jazz/blues;169.9;87.17
2008;Q1 2008;Mar 2008;10:00;jazz/blues;4806.6;2509.829999999999
2007;Q4 2007;Dec 2007;09:00;jazz/blues;4477.000000000001;2361.8599999999997
2007;Q3 2007;Aug 2007;02:00;jazz/blues;99.9;52.18
2008;Q1 2008;Mar 2008;20:00;jazz/blues;969.3;507.26
2007;Q3 2007;Sep 2007;08:00;jazz/blues;609.6;316.18
2007;Q4 2007;Dec 2007;23:00;jazz/blues;467.12000000000006;243.56
2007;Q1 2007;Mar 2007;22:00;jazz/blues;159.9;86.63
2007;Q2 2007;Apr 2007;08:00;jazz/blues;159.9;87.44
2007;Q2 2007;Jun 2007;07:00;jazz/blues;159.9;87.3
2007;Q4 2007;Nov 2007;08:00;jazz/blues;99.9;52.18
2008;Q1 2008;Mar 2008;09:00;international;619.5;372.48
2007;Q1 2007;Mar 2007;00:00;games;2379.6;1312.6299999999999
2007;Q1 2007;Mar 2007;00:00;blancs;24999.6;17668.6
2007;Q1 2007;Mar 2007;09:00;international;169.9;92.65
2007;Q4 2007;Nov 2007;16:00;international;4977.499999999999;2495.5299999999997
2007;Q4 2007;Dec 2007;09:00;international;1529.1000000000001;765.6899999999999
2007;Q4 2007;Dec 2007;23:00;dance;2648.3000000000006;1373.43
2008;Q2 2008;Apr 2008;09:00;dance;619.5;335.51
2007;Q2 2007;May 2007;00:00;dance;149.9;0.0
2007;Q2 2007;May 2007;01:00;dance;149.9;0.0
2007;Q3 2007;Aug 2007;01:00;dance;399.70000000000005;235.31
2007;Q4 2007;Dec 2007;08:00;dance;1448.9;744.71
2007;Q3 2007;Jul 2007;02:00;dance;99.9;59.31
2007;Q2 2007;Apr 2007;22:00;dance;479.70000000000005;259.48
2007;Q2 2007;Apr 2007;08:00;games;259.8;128.1
2007;Q2 2007;May 2007;08:00;jazz/blues;149.9;82.84
2007;Q3 2007;Aug 2007;08:00;dance;127.42;74.46
2007;Q4 2007;Oct 2007;22:00;dance;1419.0;866.55
2007;Q4 2007;Nov 2007;10:00;international;3248.000000000001;1479.87
2007;Q4 2007;Nov 2007;09:00;international;269.8;139.0
2007;Q3 2007;Sep 2007;02:00;singles;30.1;29.939999999999998
2008;Q2 2008;Apr 2008;10:00;klassisk;1099.0;815.0
2007;Q2 2007;Jun 2007;08:00;jazz/blues;169.9;87.2
2008;Q1 2008;Mar 2008;08:00;games;949.8;499.81
2007;Q3 2007;Jul 2007;23:00;singles;119.62;60.0
2007;Q4 2007;Oct 2007;09:00;singles;95.04;98.72
2007;Q2 2007;May 2007;04:00;singles;747.4999999999997;0.0
2007;Q3 2007;Sep 2007;00:00;singles;59.9;30.0
2007;Q3 2007;Aug 2007;21:00;singles;418.7599999999999;220.0
2007;Q4 2007;Nov 2007;22:00;dance;986.8199999999999;565.98
2008;Q1 2008;Jan 2008;07:00;pop/rock;419.70000000000005;212.61
2007;Q2 2007;May 2007;08:00;dance;169.9;88.0
2007;Q3 2007;Aug 2007;03:00;singles;59.8;20.0
2007;Q3 2007;Sep 2007;07:00;singles;29.9;10.0
2007;Q3 2007;Jul 2007;00:00;singles;29.9;10.0
2007;Q3 2007;Aug 2007;02:00;singles;119.6;40.0
2007;Q4 2007;Oct 2007;22:00;singles;59.9;30.0
2007;Q2 2007;Jun 2007;07:00;skandinavisk;629.7;352.0
2007;Q3 2007;Sep 2007;01:00;skandinavisk;269.8;163.35
2008;Q2 2008;Apr 2008;20:00;skandinavisk;1586.4400000000003;785.79
2007;Q4 2007;Nov 2007;03:00;games;329.9;175.0
2007;Q3 2007;Aug 2007;07:00;dance;149.9;88.0
2007;Q3 2007;Sep 2007;00:00;dance;989.1999999999999;569.9200000000001
2007;Q3 2007;Aug 2007;23:00;dance;149.9;88.0
2008;Q1 2008;Mar 2008;21:00;jazz/blues;269.8;138.32999999999998
2008;Q1 2008;Mar 2008;20:00;klassisk;1008.9999999999999;764.14
2008;Q1 2008;Jan 2008;09:00;klassisk;3048.100000000001;1625.21
2007;Q4 2007;Oct 2007;08:00;dance;169.9;87.2
2007;Q3 2007;Aug 2007;00:00;singles;29.9;10.0
2007;Q3 2007;Jul 2007;07:00;pop/rock;329.8;175.79000000000002
2008;Q1 2008;Mar 2008;13:00;budget;40.0;0.0
2007;Q3 2007;Jul 2007;23:00;international;499.70000000000005;262.01
2007;Q3 2007;Jul 2007;03:00;singles;59.8;20.0
2007;Q2 2007;Jun 2007;02:00;pop/rock;169.9;0.0
2007;Q4 2007;Oct 2007;22:00;skandinavisk;6706.019999999996;3709.070000000002
2007;Q3 2007;Sep 2007;07:00;skandinavisk;979.3;561.22
2007;Q3 2007;Sep 2007;08:00;skandinavisk;1879.0000000000002;1044.2200000000003
2007;Q3 2007;Jul 2007;08:00;skandinavisk;339.8;175.54
2008;Q1 2008;Jan 2008;21:00;skandinavisk;1582.0000000000002;817.8800000000001
2007;Q2 2007;Apr 2007;13:00;budget;60.0;121.30000000000001
2007;Q3 2007;Sep 2007;23:00;singles;30.0;20.0
2007;Q3 2007;Jul 2007;01:00;international;159.9;83.2
2007;Q3 2007;Sep 2007;08:00;international;479.70000000000005;223.70999999999998
2007;Q3 2007;Sep 2007;09:00;international;2098.7000000000003;996.2699999999998
2008;Q2 2008;Apr 2008;12:00;international;1428.7000000000003;1173.25
2008;Q1 2008;Jan 2008;21:00;international;969.4;482.71000000000004
2008;Q2 2008;Apr 2008;14:00;international;1259.4;798.41
2007;Q4 2007;Nov 2007;08:00;international;150.0;74.57
2007;Q3 2007;Aug 2007;02:00;international;799.5;408.03999999999996
2007;Q3 2007;Aug 2007;04:00;international;159.9;83.2
2007;Q4 2007;Dec 2007;21:00;international;1259.4;627.89
2007;Q3 2007;Aug 2007;01:00;international;159.9;78.42
2007;Q3 2007;Aug 2007;08:00;international;419.70000000000005;207.70999999999998
2007;Q3 2007;Sep 2007;02:00;international;479.70000000000005;223.70999999999998
2007;Q3 2007;Sep 2007;07:00;international;159.9;74.57
2007;Q3 2007;Jul 2007;02:00;international;159.9;83.2
2007;Q3 2007;Aug 2007;23:00;international;319.8;164.28
2007;Q3 2007;Aug 2007;00:00;international;479.70000000000005;246.42000000000002
2006;Q3 2006;Jul 2006;18:00;budget;0.3;44.31
2007;Q3 2007;Sep 2007;02:00;dance;99.9;66.92
2007;Q3 2007;Sep 2007;08:00;dance;729.4;428.92
2007;Q3 2007;Sep 2007;23:00;dance;719.5;420.92
2007;Q3 2007;Jul 2007;08:00;dance;99.9;51.0
2008;Q2 2008;Apr 2008;13:00;international;649.3399999999999;602.28
2008;Q2 2008;Apr 2008;17:00;international;199.8;142.88
2007;Q3 2007;Sep 2007;22:00;international;99.9;51.0
2007;Q3 2007;Sep 2007;08:00;klassisk;489.70000000000005;258.56
2007;Q3 2007;Aug 2007;08:00;klassisk;159.9;84.81
2008;Q1 2008;Mar 2008;21:00;klassisk;259.8;175.19
2007;Q3 2007;Sep 2007;02:00;klassisk;159.9;85.29
2007;Q3 2007;Aug 2007;00:00;klassisk;159.9;84.81
2007;Q3 2007;Aug 2007;07:00;klassisk;159.9;85.13
2007;Q3 2007;Aug 2007;04:00;singles;59.8;10.0
2007;Q4 2007;Oct 2007;21:00;singles;119.62;60.0
2007;Q3 2007;Sep 2007;00:00;skandinavisk;509.6;302.89
2007;Q4 2007;Oct 2007;23:00;skandinavisk;1066.72;663.04
2007;Q4 2007;Oct 2007;21:00;budget;49.9;8.83
2007;Q3 2007;Aug 2007;07:00;skandinavisk;299.8;176.0
2008;Q2 2008;Apr 2008;20:00;klassisk;259.8;145.49
2008;Q1 2008;Jan 2008;09:00;jazz/blues;879.4;457.58
2008;Q2 2008;Apr 2008;19:00;jazz/blues;369.70000000000005;228.88
2007;Q3 2007;Sep 2007;01:00;jazz/blues;169.9;88.0
2007;Q3 2007;Sep 2007;21:00;jazz/blues;679.6;352.0
2007;Q3 2007;Sep 2007;00:00;jazz/blues;169.9;88.0
2007;Q4 2007;Nov 2007;22:00;singles;29.99;10.0
2007;Q4 2007;Nov 2007;21:00;singles;29.91;20.0
2007;Q4 2007;Dec 2007;09:00;singles;59.8;20.0
2007;Q4 2007;Oct 2007;23:00;international;169.9;89.63
2007;Q3 2007;Sep 2007;03:00;games;429.9;237.36
2007;Q4 2007;Oct 2007;00:00;singles;29.9;10.0
2007;Q4 2007;Nov 2007;08:00;singles;0.01;10.0
2008;Q1 2008;Feb 2008;08:00;singles;0.01;10.0
2008;Q1 2008;Feb 2008;23:00;singles;29.9;10.0
2007;Q3 2007;Sep 2007;08:00;singles;29.9;10.0
2007;Q3 2007;Sep 2007;01:00;singles;29.9;10.0
2008;Q1 2008;Jan 2008;08:00;dance;322.8;192.93
2007;Q4 2007;Oct 2007;23:00;dance;229.8;143.0
2007;Q4 2007;Oct 2007;00:00;dance;29.9;10.0
2007;Q4 2007;Nov 2007;22:00;klassisk;1139.22;636.0
2007;Q4 2007;Oct 2007;08:00;skandinavisk;639.6999999999999;348.40000000000003
2007;Q4 2007;Oct 2007;03:00;skandinavisk;159.9;82.96
2007;Q4 2007;Nov 2007;00:00;skandinavisk;469.79999999999995;256.76
2007;Q4 2007;Dec 2007;08:00;skandinavisk;1439.1000000000001;779.46
2008;Q1 2008;Mar 2008;09:00;klassisk;869.1999999999999;691.4399999999999
2007;Q4 2007;Dec 2007;08:00;klassisk;489.70000000000005;261.19
2008;Q2 2008;Apr 2008;09:00;klassisk;679.5;372.15
2008;Q1 2008;Mar 2008;22:00;klassisk;99.9;88.95
2008;Q1 2008;Feb 2008;21:00;klassisk;209.9;108.95
2007;Q3 2007;Sep 2007;01:00;klassisk;169.9;88.0
2007;Q4 2007;Oct 2007;01:00;pop/rock;459.70000000000005;259.39
2007;Q4 2007;Nov 2007;02:00;pop/rock;319.8;170.17000000000002
2007;Q4 2007;Dec 2007;00:00;pop/rock;799.5;422.64
2007;Q4 2007;Oct 2007;04:00;skandinavisk;159.9;88.0
2007;Q4 2007;Nov 2007;02:00;skandinavisk;319.8;173.8
2007;Q2 2007;Apr 2007;22:00;international;134.92;89.53
2007;Q4 2007;Oct 2007;00:00;games;499.9;295.55
2007;Q4 2007;Nov 2007;03:00;skandinavisk;169.9;88.85
2007;Q4 2007;Nov 2007;00:00;pop/rock;509.70000000000005;272.79999999999995
2007;Q4 2007;Nov 2007;03:00;singles;29.9;8.71
2008;Q2 2008;Apr 2008;09:00;skandinavisk;2456.3000000000006;1353.16
2007;Q4 2007;Nov 2007;23:00;skandinavisk;309.8;173.82999999999998
2007;Q4 2007;Oct 2007;02:00;pop/rock;159.9;88.0
2008;Q1 2008;Mar 2008;23:00;skandinavisk;99.9;48.94
2007;Q4 2007;Dec 2007;08:00;international;169.9;88.0
2007;Q4 2007;Oct 2007;23:00;klassisk;159.9;88.0
2008;Q2 2008;Apr 2008;14:00;klassisk;1228.9;820.56
2007;Q4 2007;Nov 2007;08:00;klassisk;159.9;88.0
2008;Q1 2008;Feb 2008;07:00;klassisk;159.9;88.0
2007;Q4 2007;Dec 2007;07:00;games;412.42;292.16
2007;Q4 2007;Nov 2007;08:00;games;1649.6999999999998;936.73
2008;Q2 2008;Apr 2008;19:00;international;649.3399999999999;643.16
2008;Q2 2008;Apr 2008;09:00;international;99.9;91.88
2008;Q1 2008;Feb 2008;08:00;international;319.8;171.12
2008;Q2 2008;Apr 2008;15:00;international;499.5;459.4
2008;Q1 2008;Feb 2008;23:00;international;159.9;85.56
2008;Q1 2008;Mar 2008;21:00;international;159.9;82.43
2008;Q1 2008;Feb 2008;21:00;international;479.70000000000005;248.72000000000003
2008;Q2 2008;Apr 2008;20:00;international;199.8;183.76
2008;Q1 2008;Feb 2008;22:00;international;159.9;85.56
2007;Q4 2007;Dec 2007;23:00;international;169.9;86.63
2008;Q1 2008;Mar 2008;22:00;skandinavisk;449.70000000000005;236.36
2008;Q1 2008;Feb 2008;08:00;dance;369.70000000000005;193.12
2007;Q4 2007;Nov 2007;23:00;dance;59.89;20.0
2007;Q4 2007;Dec 2007;00:00;games;349.8;141.4
2008;Q1 2008;Mar 2008;08:00;skandinavisk;479.70000000000005;259.34
2006;Q4 2006;Oct 2006;11:00;budget;119.9;45.15
2008;Q1 2008;Feb 2008;23:00;dance;6.0;20.0
2008;Q2 2008;Apr 2008;21:00;skandinavisk;169.9;84.7
2008;Q1 2008;Feb 2008;22:00;dance;339.8;176.38
2008;Q1 2008;Jan 2008;23:00;dance;359.8;189.0
2007;Q4 2007;Dec 2007;07:00;pop/rock;247.34;177.2
2007;Q4 2007;Dec 2007;07:00;jazz/blues;127.42;66.85
2008;Q1 2008;Mar 2008;23:00;pop/rock;479.70000000000005;265.44
2008;Q1 2008;Feb 2008;07:00;dance;159.9;86.32
2008;Q1 2008;Jan 2008;06:00;skandinavisk;159.9;81.56
2008;Q1 2008;Jan 2008;23:00;skandinavisk;159.9;81.56
2008;Q1 2008;Mar 2008;21:00;blancs;2599.8;1949.56
2008;Q1 2008;Feb 2008;06:00;merchandise;599.8;223.02
2008;Q1 2008;Mar 2008;08:00;merchandise;599.9;308.88
2008;Q1 2008;Feb 2008;21:00;jazz/blues;169.9;88.0
2008;Q2 2008;Apr 2008;11:00;international;169.9;88.0
2008;Q2 2008;Apr 2008;20:00;jazz/blues;99.9;44.52
2006;Q4 2006;Oct 2006;20:00;budget;50.0;79.78
2008;Q2 2008;Apr 2008;08:00;pop/rock;169.9;88.8
2008;Q1 2008;Mar 2008;21:00;dance;149.9;88.0
2007;Q1 2007;Jan 2007;22:00;budget;30.0;0.0
2006;Q4 2006;Oct 2006;14:00;budget;80.0;89.1
2007;Q4 2007;Oct 2007;19:00;budget;50.0;30.4
2007;Q2 2007;Apr 2007;15:00;Missing;169.9;92.22
2006;Q4 2006;Oct 2006;06:00;dvd/video;99.9;31.63
2006;Q4 2006;Nov 2006;22:00;klassisk;99.9;44.74
2006;Q3 2006;Sep 2006;20:00;klassisk;50.0;31.46